3024 4920
575 183 789 247 *17*

126 371 214 429 aliam
238 369 327 430 fuisse
350 368 430 446 apud
452 368 591 427 Britones
614 372 702 444 atque
726 368 814 440 alibi,
844 388 912 427 nam
940 365 1094 452 „eumpioii
1120 362 1243 430 coelestis

126 458 224 520 aedes“
241 460 330 519 etiam
347 457 452 516 Gildas
474 457 581 516 altaria
597 456 763 516 nominat.1
793 457 915 516 Ritibus
931 464 1029 517 autem
1046 459 1243 535 singularibus

126 556 216 625 atque
239 547 437 627 peculiaribus
452 546 593 605 Britones
616 566 684 605 usos
707 566 769 605 esse
792 546 823 604 in
847 547 1024 625 peragendis
1047 549 1241 609 eucharistiae

126 639 305 698 solemnibus
335 642 440 714 putare
470 636 548 694 licet.
593 635 631 692 In
662 636 707 694 his
739 635 897 695 verisimile
927 643 973 696 est
994 636 1133 698 Britones
1161 639 1243 697 adhi-

126 727 223 787 buisse
246 748 353 806 panem
376 746 434 784 non
458 727 674 784 fermentatum.
719 725 911 801 Diillingerus
941 726 1060 802 quidem
1092 747 1157 792 cum
1188 729 1242 787 hoc

126 818 256 875 affirmat
268 810 446 892 (Geschichte
461 814 513 874 der
528 810 707 874 61116ιί16166
722 810 841 874 Kirohe.
872 810 1029 874 taanenu
1037 818 1120 889 1833,
1130 838 1166 895 p.
1174 820 1243 895 217)

126 905 235 984 spuriis
251 903 358 964 Gildae
373 905 472 963 verbis
493 905 608 978 nititur,
633 924 708 980 quae
732 925 809 963 nunc
832 911 951 963 exstant
974 904 1053 982 apud
1068 906 1108 965 H.
1124 907 1182 965 and
1198 906 1243 967 St.

126 994 151 1068 I,
175 1017 203 1073 p.
229 996 290 1052 112
316 1015 359 1071 sq.
383 995 430 1070 (cf.
454 994 494 1053 H.
518 995 577 1053 and
600 993 644 1053 St.
666 993 692 1068 I,
716 1015 744 1072 p.
770 994 832 1051 108
856 990 950 1071 not*),
983 1015 1037 1053 nec
1065 1000 1165 1053 tamen
1195 1017 1244 1056 res

125 1085 191 1161 ipsa
213 1085 315 1160 negari
339 1088 437 1160 potest
461 1085 509 1159 (cf.
525 1084 661 1157 Warren,
676 1105 705 1162 p.
725 1084 784 1142 131
804 1085 891 1159 sqq.).
937 1081 997 1142 Sed
1021 1084 1092 1161 quid
1116 1085 1242 1144 mirum?

125 1173 236 1232 Errare
258 1173 464 1250 Ddllingerum
487 1174 542 1232 hoc
565 1173 718 1251 proprium
745 1173 835 1231 fuisse
859 1173 1017 1232 Britonum
1046 1173 1242 1233 affirmantem

125 1262 299 1321 Warrenius
316 1263 347 1337 (l.
364 1265 400 1340 c.)
424 1263 664 1322 luculentissimis
679 1261 855 1322 testimoniis
871 1263 1095 1336 demonstravit,
1120 1264 1243 1323 eundem

125 1372 234 1410 morem
259 1358 289 1410 61
312 1350 384 1410 alibi
408 1360 438 1411 61
454 1352 533 1430 apud
548 1351 665 1430 Anglos
687 1352 760 1430 ipsis
776 1351 926 1410 Theodori
941 1352 1154 1430 archiepiscopi
1170 1355 1242 1430 quin

126 1441 214 1500 etiam
238 1438 360 1499 Alcuini
384 1443 566 1520 temporibus
590 1442 679 1502 fuisse
702 1442 818 1501 docens.

214 1529 281 1613 Qua
303 1531 422 1589 tandem
445 1553 477 1590 re
501 1531 695 1591 dissentiebat
717 1531 839 1590 ecclesia
861 1531 1019 1590 Britonum
1043 1532 1080 1589 ab
1103 1532 1243 1592 universa

125 1620 247 1678 ecclesia
277 1620 444 1679 catholica?
484 1620 589 1681 Gildas
620 1620 656 1680 de
687 1620 880 1679 ordinationis
910 1620 1019 1679 ritibus
1050 1622 1141 1679 talem
1170 1622 1242 1680 lacit
1323 1696 1328 1705 ι

42 1738 46 1746 ·
125 1709 303 1769 mentionem
327 1714 384 1789 (ep.
410 1711 426 1787 ξ
454 1711 514 1768 107
540 1731 582 1787 sq.
606 1711 642 1768 cf.
665 1711 800 1783 Warren,
824 1731 852 1788 p.
879 1711 919 1767 69
944 1713 1008 1786 sq.),
1031 1730 1051 1768 u
1088 1710 1175 1769 liceat
1198 1711 1241 1770 vi·

126 1800 194 1857 dere
219 1819 268 1856 eos
291 1820 356 1857 cum
378 1799 522 1859 Romanis
550 1821 609 1858 non
637 1800 813 1876 congruisse.
860 1797 920 1857 Sed
949 1799 1004 1857 hoc
1031 1800 1150 1859 levioris
1180 1821 1241 1858 mo-

124 1888 216 1946 menti
247 1894 291 1947 est
322 1894 352 1947 et
382 1889 461 1947 infra
494 1889 745 1966 pertractandum.
802 1888 887 1947 Idem
918 1886 1022 1946 Gildas
1055 1924 1092 1933 -
1127 1896 1158 1947 61
1187 1890 1243 1947 hoc

125 1977 284 2035 maximum
308 1984 353 2037 est
379 2011 417 2022 -—
443 1978 529 2037 testis
553 1986 597 2037 est
619 1978 731 2037 nullam
759 1983 829 2036 tunc
859 1977 1029 2036 societatem
1057 1978 1147 2040 fnisse
1176 1998 1247 2036 cum.

124 2066 270 2144 episcopis
300 2065 451 2126 Romanis.
503 2066 632 2127 Tantum
664 2068 742 2124 enirn
773 2068 871 2140 abest,
904 2071 938 2124 ut
970 2066 1073 2125 Gildas
1105 2067 1242 2145 episcopo

123 2155 258 2214 Romano
289 2157 457 2216 universam
488 2157 638 2216 ecclesiam
669 2157 828 2234 regendam
865 2176 927 2215 esse
961 2162 1063 2233 putet,
1098 2162 1132 2214 ut
1162 2157 1242 2215 dicat

124 2246 228 2323 cuique
251 2265 321 2304 vero
345 2246 491 2305 sacerdoti
514 2247 625 2306 dictum
649 2267 726 2305 esse:
761 2254 793 2304 tu
815 2264 843 2304 es
866 2241 973 2304 Patrue
997 2253 1060 2318 etc,
1083 2252 1118 2304 ut
1141 2266 1242 2304 omnes

124 2335 277 2412 episcopos
299 2335 385 2394 Petri
413 2356 593 2396 successores
624 2357 686 2394 esse
714 2335 829 2412 judicet
859 2337 918 2413 (ep.
942 2336 959 2412 ξ
984 2337 1034 2393 67.
1057 2357 1085 2412 p.
1111 2335 1153 2392 74
1176 2338 1241 2413 sq.).

124 2422 216 2498 Cujus
239 2424 281 2482 rei
306 2446 380 2511 quae
405 2432 469 2484 6161
492 2425 601 2485 causa?
625 2425 764 2484 Profecto
788 2445 847 2483 non
871 2424 1071 2483 controversia
1096 2425 1241 2501 quaedam

125 2531 190 2569 cum
213 2513 359 2592 episcopis
381 2514 533 2589 Romanis,
556 2535 617 2573 non
640 2515 739 2573 odium
762 2515 793 2572 in
816 2513 980 2586 Romanos,
1004 2514 1056 2572 sed
1078 2514 1160 2572 nulla
1183 2513 1242 2572 alia

124 2620 171 2658 res
205 2601 262 2661 nisi
294 2603 463 2664 intermissa
499 2603 648 2664 Saxonum
682 2608 750 2682 post
785 2603 966 2662 invasionem
1003 2622 1068 2661 cum
1098 2603 1242 2663 Romanis
1339 2601 1342 2604 ’

124 2691 311 2750 consuetudo.

211 2780 337 2840 Praeter
359 2783 446 2842 hasce
469 2783 542 2842 duas
564 2803 620 2856 res,
643 2783 720 2842 ritus
744 2787 774 2840 61
796 2780 996 2839 intermissam
1020 2801 1086 2838 cum
1097 2781 1241 2839 Romanis

123 2871 373 2944 consuetudinem,
397 2873 477 2948 apud
493 2870 614 2929 Gildam
638 2871 681 2927 nil
705 2869 878 2940 invenimus,
902 2866 982 2943 quod
996 2869 1156 2927 Britonum
1172 2889 1240 2946 pro-

122 2959 220 3035 prium
244 2957 301 3016 dici
325 2959 433 3036 possit,
458 2979 540 3031 nam,
563 2977 639 3034 quae
662 2959 814 3028 feruntur,
838 2954 945 3015 Gildae
968 2957 1060 3016 verba
1082 2958 1118 3015 de
1142 2957 1240 3016 Brito·

122 3066 191 3104 num
215 3055 338 3105 tonsura
362 3053 391 3104 et
415 3047 606 3106 celebrandae
623 3046 818 3106 eucharistiae
840 3066 919 3105 more
943 3046 1043 3125 spuria
1067 3067 1129 3106 esse
1152 3067 1241 3126 supra

123 3135 207 3213 quasi
229 3135 412 3213 praeteriens
431 3139 493 3212 jam
518 3136 743 3196 commemoravi
767 3137 815 3213 (cf.
838 3136 878 3194 H.
894 3135 953 3194 and
969 3134 1012 3195 St.
1033 3136 1059 3209 I,
1083 3158 1112 3215 p.
1131 3138 1192 3194 112
1211 3142 1241 3194 et

119 3247 147 3303 p.
176 3226 236 3283 108
260 3221 351 3302 1161*).

183 3314 407 3376 'Nihilominus
433 3319 496 3392 jam
526 3322 597 3375 tunc
627 3315 769 3393 temporis
797 3314 939 3372 nonnulla
966 3315 1099 3385 fuerunt,
1133 3315 1240 3390 quibus

122 3403 259 3464 Britones
283 3405 320 3463 ab
344 3405 410 3465 aliis
434 3406 563 3465 ecclesiis
586 3405 784 3463 dissentirent.
830 3404 877 3463 De
906 3403 1013 3479 quibus
1042 3402 1147 3462 Gildas
1174 3423 1240 3461 cum

123 3495 299 3553 mentionem
329 3515 389 3553 non
418 3495 524 3569 faciet,
564 3493 772 3572 suspicandum
803 3500 848 3552 est
879 3513 945 3551 eum
976 3492 1143 3551 intermissa
1175 3513 1239 3551 cnm

124 3579 189 3638 eliis
212 3584 423 3642 consuetudine
446 3585 542 3662 ipsum
566 3583 738 3655 nescivisse,
770 3603 844 3659 quae
869 3587 968 3641 essent
991 3581 1149 3640 Britonum
1173 3603 1240 3658 pro-

122 3669 203 3746 pria,
235 3671 339 3729 saltem
367 3694 425 3732 non
453 3673 603 3745 habuisse,
636 3672 715 3748 quod
742 3673 835 3731 verba
863 3672 899 3729 de
926 3671 972 3729 his
999 3671 1118 3729 faceret.
1164 3670 1240 3731 Nam

123 3757 202 3832 alibi,
226 3758 393 3838 ubicunque
409 3763 548 3822 Britones
563 3762 642 3821 inter
658 3762 731 3819 alias
751 3761 887 3819 nationes
909 3759 1045 3819 viventes
1068 3759 1239 3819 societatem

123 3868 188 3906 cum
212 3847 278 3906 aliis
300 3869 358 3907 non
382 3850 489 3910 habere
514 3872 571 3910 non
595 3856 747 3928 poterant,
782 3849 818 3907 de
847 3849 974 3927 propriis
997 3849 1155 3908 Britonum
1179 3869 1239 3908 mo:

122 3937 205 3996 ribus
228 3941 381 4015 tuncjam
404 3943 557 4018 agebatur.
603 3941 669 4014 Qua
692 3940 728 3998 de
752 3958 839 3997 causa
862 3959 956 4017 pauca

213 4151 221 4181 ¹
242 4149 270 4202 A
284 4143 351 4202 vera
363 4150 499 4216 temporis
513 4149 623 4203 ratione
636 4150 804 4213 aberrarem,
826 4147 849 4200 si
863 4147 949 4201 verba
968 4148 1090 4200 facerem
1110 4147 1151 4200 de·
1165 4165 1237 4201 com·

122 4220 253 4274 munione
267 4220 317 4273 sub
332 4223 450 4287 utraque
463 4221 569 4288 specie;
591 4224 701 4274 constat
720 4220 794 4273 enim
814 4235 874 4273 eam
894 4224 961 4272 tunc
981 4219 1115 4286 temporis
1135 4219 1239 4287 ubique

122 4291 151 4342 in
170 4292 288 4345 ecclesia
307 4292 336 4345 in
356 4308 406 4345 usu
426 4291 521 4351 fuisse.

1063 4381 1080 4432 2
