3024 4920
640 209 855 265 ‚90-

192 392 381 465 conspectum
404 386 529 446 aliorum
552 386 702 445 hominurn
725 385 935 465 processerint,
959 391 1038 445 recte
1062 406 1179 464 sperare
1202 406 1306 464 possu-

192 497 257 536 mus
280 476 352 548 fore,
374 481 410 537 ut
432 476 464 533 in
486 476 603 533 illorum
619 476 682 534 vita
698 474 855 534 Scotorum
877 495 974 534 mores
997 475 1229 535 manifestissimi
1251 475 1307 535 sub

193 569 345 643 aspectum
367 565 453 623 nobis
476 563 681 639 subjiciantur.
727 564 872 623 Attamen
895 564 966 640 quia
991 563 1050 641 ipsi
1073 563 1156 623 Scoti
1177 564 1311 642 peregri·

192 660 298 714 nantes
321 653 395 712 adeo
417 653 568 730 peregrini
591 659 677 712 erant
698 653 730 710 in
758 653 813 711 hoc
841 653 964 727 mundo,
994 658 1040 724 ut,
1072 653 1205 729 quamvis
1230 653 1308 730 peri·

193 742 300 820 tissimi
323 748 420 801 essent
442 742 599 815 scribendi,
621 749 721 801 tamen
743 743 927 801 voluntatem
950 761 1009 800 non
1035 742 1180 800 haberent
1201 742 1310 801 litteris

193 831 396 908 consignandi,
421 851 496 908 quas
518 830 577 908 ipsi
599 830 715 909 experti
738 836 848 904 essent,
872 850 948 908 quae
971 830 1123 903 docerent,
1148 850 1224 907 quae
1246 832 1310 889 lau·

194 921 310 993 darent,
342 940 418 997 quae
431 925 432 928 ’
447 921 666 997 vituperarent,
697 955 739 965 —
765 919 818 978 illa
848 940 916 998 spes
935 939 1001 991 1000
1032 919 1221 993 destitueret,
1252 920 1312 979 nisi

194 1010 299 1068 fuisset
322 1008 496 1086 Columba1)
520 1008 725 1069 Luxoviensis.
770 1008 839 1081 Hic,
863 1008 992 1067 omnium
1017 1007 1180 1081 Scotorum,
1203 1009 1255 1084 qui
1279 1008 1312 1067 in

195 1099 565 1171 continentemvenerunt,
589 1096 780 1157 hauddubie
803 1097 994 1170 clarissimus,
1017 1117 1093 1156 unus
1116 1102 1168 1170 est,
1191 1097 1227 1155 de
1251 1117 1311 1174 quo

194 1188 288 1247 multa
314 1187 471 1246 memoriae
493 1186 612 1265 prodita
635 1188 708 1258 sint,
731 1186 857 1264 primus,
880 1187 917 1244 de
939 1206 997 1262 quo
1020 1186 1139 1246 omnino
1162 1186 1235 1245 certi
1258 1186 1312 1245 ali·

195 1276 268 1354 quid
296 1275 355 1334 dici
370 1277 474 1353 possit.
504 1277 581 1337 Nam
605 1276 641 1334 de
664 1276 726 1335 vita
749 1274 909 1347 Fridolini,
933 1295 1020 1350 quem
1042 1295 1102 1333 non
1125 1274 1188 1335 sine
1211 1275 1312 1351 aliquo

192 1368 259 1441 jure
281 1365 410 1442 primum
437 1365 470 1422 in
492 1364 621 1423 10000ἰο
644 1363 765 1424 Scotum
788 1364 943 1423 Ebrardus
970 1364 1137 1423 nominavit
1159 1365 1200 1442 (p.
1225 1363 1312 1440 285),

194 1455 238 1512 nil
261 1460 341 1512 certo
364 1454 480 1526 scimus,
503 1455 611 1512 nedum
628 1454 663 1512 (10
678 1454 809 1512 moribus
825 1454 874 1528 (ef.
889 1453 1045 1530 Rcttberg,
1061 1452 1105 1524 H,
1120 1474 1149 1531 p.
1166 1454 1207 1510 29
1223 1455 1312 1529 sqq.).

195 1542 317 1620 Optimo
341 1542 418 1600 enim
438 1546 507 1619 jure
529 1543 738 1620 Rettbergius‚
769 1542 816 1600 cui
845 1562 939 1619 paene
971 1562 1070 1600 omnes
1100 1541 1187 1600 hodic
1214 1562 1313 1601 00000·

195 1632 313 1691 tiuntur
336 1632 384 1706 (ef.
408 1631 621 1705 Wattenbach,
646 1629 939 1707 Geschichtsqucllen
962 1630 992 1703 I,
1015 1652 1044 1709 p.
1069 1632 1124 1707 35)
1147 1630 1252 1703 vetuit,
1276 1649 1314 1688 ne

196 1720 323 1797 amplius
338 1720 472 1779 historici
486 1741 567 1779 more
590 1723 735 1796 majorum
751 1741 767 1778 0
783 1727 951 1779 sanctorum
967 1719 1037 1779 vitis
1058 1720 1190 1797 ipsorum
1213 1725 1315 1778 aetate

196 1810 284 1887 longe
307 1809 505 1882 inferioribus,
529 1830 604 1885 quae
627 1810 664 1868 ab
680 1809 717 1869 iis
732 1815 818 1886 gesta
833 1815 939 1881 000000,
956 1816 1134 1868 conarentur
1149 1809 1315 1869 enucleare.

196 1898 256 1958 Sed
280 1899 338 1956 alia
361 1904 407 1958 000
428 1898 559 1957 Ebrardi
581 1899 736 1957 sententia.
782 1896 929 1976 Scriptori
960 1897 1076 1956 cuidam
1106 1898 1200 1956 multa
1228 1897 1315 1956 fabu-

196 1988 259 2046 losa
282 1987 435 2046 enarranti
457 2008 517 2046 non
540 1987 658 2046 omnino
673 1987 761 2046 fidem
785 1987 986 2064 abrogandam
1009 2006 1072 2045 esse
1093 1994 1200 2059 censet,
1225 2005 1316 2063 quae·

197 2076 320 2135 rendum
339 2096 414 2136 40000
445 2076 553 2154 potius,
584 2097 660 2153 quae
691 2097 761 2136 vera
791 2082 823 2134 00
858 2082 939 2134 certa
968 2076 1091 2147 referat,
1127 2096 1203 2152 qnae
1239 2075 1317 2143 falsa

198 2168 239 2242 (p.
264 2166 350 2240 299).
374 2201 416 2210 —
439 2166 574 2224 Honesta
605 2167 676 2224 haec
707 2165 815 2237 oratio,
845 2185 900 2223 nec
929 2170 1029 2223 tamen
1055 2164 1176 2242 probari
1204 2169 1317 2242 potest.

197 2253 274 2313 Nam
299 2253 351 2329 qui
373 2254 577 2313 intellexerint
599 2261 709 2313 certam
732 2253 870 2313 notitiam
897 2253 1125 2332 praeteritorum
1148 2259 1319 2330 temporum

198 2342 258 2401 suis
287 2341 407 2415 finibus,
436 2343 550 2419 exiguis
580 2363 663 2415 sana,
694 2341 851 2414 contineri,
881 2342 917 2415 ii,
948 2362 1014 2400 cum
1044 2363 1079 2400 aa
1109 2342 1149 2402 sit
1169 2340 1318 2402 fabularis

197 2431 338 2490 historiae
361 2438 477 2505 natura,
500 2438 535 2491 ut
557 2451 659 2491 verum
683 2453 701 2490 a
723 2432 798 2489 falso
818 2430 931 2490 secerni
946 2450 1011 2489 non
1028 2431 1130 2508 possit,
1153 2429 1241 2493 facile
1257 2429 1318 2489 sibi

198 2521 419 2597 persuadebunt
443 2542 492 2580 eos
515 2521 681 2598 scriptores,
706 2520 758 2597 qai
781 2541 818 2579 ex
840 2521 901 2579 sola
924 2521 1003 2579 fama
1025 2519 1184 2593 hauserint,
1208 2519 1317 2597 dignos

198 2628 258 2666 non
281 2628 354 2682 csse,
377 2609 484 2685 quibus
507 2610 538 2668 in
562 2609 717 2669 scribenda
739 2608 864 2668 historia
886 2615 1014 2668 utamur.
1044 2609 1137 2669 'Nam
1160 2626 1225 2667 cum
1249 2609 1317 2666 luce

200 2697 307 2755 clarius
338 2697 378 2757 sit
406 2717 466 2757 non
498 2699 596 2757 omnia
625 2719 696 2757 vera
726 2718 801 2771 0000,
832 2718 908 2774 quae
937 2717 1008 2756 vera
1038 2718 1101 2756 asse
1128 2702 1265 2776 possunt,
1289 2696 1317 2755 si

197 2786 312 2846 ratione
335 2787 400 2861 illa,
424 2807 513 2864 quam
536 2787 689 2846 Ebrardus
720 2793 855 2863 exoptat,
885 2792 1041 2844 uterentur
1070 2785 1217 2859 historici,
1247 2784 1314 2868 fieri

197 2896 256 2935 non
279 2884 387 2953 posset,
411 2877 483 2954 quin
506 2911 550 2922 —
573 2884 608 2936 ut
635 2877 748 2936 sciurus
775 2876 807 2933 in
835 2875 1007 2952 frangendis
1034 2875 1160 2934 nucibus
1182 2878 1314 2952 gustatu,

198 2965 251 3040 qui
274 2966 313 3024 sit
335 2967 464 3040 nucleus,
489 2967 633 3042 dijudicat
652 2964 751 3023 -ita
773 2964 907 3024 historici
922 2965 998 3024 alius
1013 2963 1085 3022 alias
1109 2964 1167 3022 sibi
1183 2962 1316 3040 eligeret,

197 3061 287 3129 prout
310 3054 416 3130 cuique
438 3056 607 3132 placuisset,
629 3054 692 3113 veri
715 3060 746 3111 00
767 3053 835 3112 falsi
858 3060 953 3113 notas.

288 3142 356 3199 Hoc
379 3143 476 3218 ipsum
499 3144 549 3215 iis,
578 3163 653 3219 quae
676 3141 831 3200 Ebrardus
860 3143 896 3200 de
919 3141 1072 3200 Fridollno
1096 3139 1250 3211 disseruit,
1281 3146 1318 3200 ut

198 3230 340 3306 exemplis
357 3232 573 3308 comprobatur.
604 3230 652 3289 Ex
667 3230 775 3307 quibus
790 3250 881 3289 unum
897 3238 950 3304 est,
963 3230 1042 3306 quod
1058 3229 1316 3306 Elbrardus,⁴post·

199 3339 287 3396 quam
311 3321 462 3380 enarravit
483 3320 672 3380 Fridolinum
702 3326 778 3379 00000
808 3318 951 3379 Balthero
975 3319 1039 3396 (vit.
1062 3317 1144 3379 Frid
1171 3318 1220 3390 12,
1243 3317 1315 3378 Act.

198 3408 250 3468 SS.
274 3408 352 3470 Boll.
375 3411 464 3470 Mart.
490 3413 517 3483 6,
541 3433 570 3488 p.
595 3410 671 3485 435)
695 3408 880 3486 praedicasse
903 3406 1069 3488 „quomodo
1088 3403 1173 3490 filius
1196 3404 1245 3465 dai
1258 3449 1265 3464 .
1283 3449 1315 3464 ..

197 3496 302 3556 mundi
322 3497 489 3579 serapionem
503 3498 634 3568 intraret,
655 3494 759 3557 scilicet
771 3505 893 3576 propter
914 3505 1014 3556 nostra
1030 3503 1163 3575 peccota,
1178 3513 1229 3554 seu
1243 3493 1317 3576 qaid

193 3604 252 3666 pro
275 3583 357 3645 nobis
374 3595 546 3667 pateretur“
569 3587 644 3645 hanc
659 3585 794 3644 Baltheri
817 3585 1018 3645 narrationem
1040 3584 1168 3644 veritate
1190 3583 1248 3642 niti
1268 3583 1316 3643 his

198 3672 298 3733 verbis
328 3674 385 3732 sibi
414 3676 534 3735 videtur
565 3676 782 3754 comprobasse:
815 3669 905 3734 Dare
935 3670 1094 3754 mcrqbcba
1123 3669 1317 3752 fflawcisurap

198 3761 258 3843 auf
276 3759 388 3823 Christi
408 3761 571 3825 0000000100
593 3760 793 3834 110000θο0001,
825 3761 901 3822 diosa
927 3758 1153 3841 comiolopiscbe
1176 3757 1317 3840 Fossunp

199 3850 252 3910 cler
274 3848 453 3912 almitates
468 3850 566 3913 Labra
588 3851 632 3912 uls
655 3852 708 3913 der
723 3847 894 3922 Heilsbdra,
916 3850 953 3911 iat
967 3870 999 3911 so
1018 3845 1316 3920 001010000100000,

199 3936 267 3999 duas
290 3937 430 4000 litardus
452 3937 703 4024 Zuqrandeliepen
734 3939 812 4001 01000
841 3937 907 3999 sehr
929 3938 1005 4001 01000
1031 3935 1130 4015 Quelle
1152 3934 1230 3998 00010
1252 3956 1316 3996 oer-

198 4024 288 4088 lcoant
317 4029 432 4091 werden
462 4029 540 4091 kann
570 4034 610 4110 (p.
636 4031 723 4106 294).
768 4027 840 4087 Alia
869 4031 955 4106 plura
984 4027 1154 4105 hujusmodi
1182 4027 1317 4105 proferre

272 4240 282 4271 ¹
305 4239 485 4295 Oolamhaaaa
499 4280 505 4292 .
521 4278 527 4293 .
543 4279 549 4292 .
563 4240 610 4307 qai
628 4243 654 4294 et
666 4237 835 4294 00100060-
847 4237 913 4291 Jon.
927 4235 977 4289 vit.
992 4234 1051 4290 Col.
1066 4236 1091 4302 6,
1105 4235 1181 4289 Mab.
1194 4233 1236 4299 II,
1251 4251 1317 4291 ann.

200 4309 262 4377 615,
276 4329 304 4379 p.
319 4311 348 4377 73
368 4312 429 4380 ipse
448 4312 477 4364 in
497 4310 625 4379 epistulis
640 4309 804 4364 columbam
817 4326 873 4362 non
886 4307 1089 4362 Calambanum
1102 4323 1130 4360 se
1150 4305 1318 4375 appellavit.
