3024 4920
643 198 860 255 ..60-

193 379 297 438 dubito
328 398 426 436 annon
454 379 516 452 jam
547 376 634 434 hodie
666 375 802 453 cuiquam
831 375 920 434 liceat
950 373 1118 433 nominibus
1142 374 1200 435 illis
1224 395 1313 452 argu·

193 467 334 540 mentari,
366 473 445 526 certe
469 466 529 524 scio
552 487 598 524 me
621 466 717 544 ipsum
749 470 780 523 et
807 485 919 538 omnes,
951 465 1001 540 qui
1026 463 1173 536 nesciant,
1205 463 1333 542 quibus·

87 621 90 626 ,
196 557 366 617 auctoribus
390 556 523 631 singulae
548 556 752 634 episcoporum
768 555 815 613 vel
832 554 973 612 abbatum
989 553 1153 611 mentiones
1169 553 1314 628 nitantur,

194 645 363 722 hujusmodi
387 645 571 720 argumentis
599 665 659 704 rem
684 643 783 722 potius
806 645 1033 720 perturbaturos
1054 662 1128 715 esse,
1153 663 1242 720 quam
1265 664 1315 701 ex·

193 737 374 815 planaturos.
407 734 606 808 Quamobrem
628 733 660 790 in
683 733 728 806 iis,
752 752 827 808 quae
843 734 1001 809 proferam,
1024 732 1062 790 ad
1085 732 1207 791 annales
1222 732 1313 791 raris·

193 826 265 884 sime
288 825 465 902 provocabo.

284 913 343 972 Sed
365 912 519 971 redeamus
542 912 579 970 ad
599 910 746 971 Jobannis
769 930 865 989 papae
890 911 1054 989 epistulam.
1087 911 1315 970 Concedendum

194 1010 239 1062 est
263 1023 375 1075 omnes,
401 1001 508 1078 quibus
530 1001 673 1078 inscripta
698 1005 753 1072 est,
784 1000 873 1059 fuisse
896 1000 1034 1073 abbates,
1063 1001 1116 1060 sed
1138 1021 1196 1058 non
1221 1000 1314 1078 negli-

194 1092 324 1170 gendum
347 1090 504 1149 nonnullos
520 1091 597 1149 solos
614 1089 761 1148 nominari
777 1089 936 1166 episcopos.
968 1090 1090 1148 Etcum
1108 1089 1315 1168 episcoporum

195 1188 225 1240 et
248 1182 490 1260 presbyterorum
514 1186 544 1238 et
567 1178 745 1256 dignitatem
768 1183 798 1237 et
820 1199 944 1238 munera
967 1179 1084 1238 diversa
1112 1178 1201 1238 fuisse
1224 1198 1316 1257 supra

194 1274 236 1349 (p.
263 1270 318 1346 58)
342 1269 565 1346 cognoverimus
589 1268 647 1327 alia
675 1267 766 1327 fuisse
793 1267 910 1326 necesse
941 1275 991 1328 est,
1015 1288 1137 1326 munera
1168 1267 1315 1340 Tomiani,

195 1359 373 1419 Columbani
405 1358 588 1435 reliquorum
618 1357 822 1436 episcoporum
852 1364 883 1415 et
905 1357 1060 1430 abbatum,
1091 1357 1150 1415 alia
1174 1356 1317 1415 Oromani

196 1457 226 1509 et
248 1449 430 1524 reliquorum
454 1449 596 1506 abbatum
612 1447 863 1524 presbyterorum.
895 1446 942 1504 De
958 1466 1017 1524 qua
1040 1467 1071 1504 re
1095 1446 1167 1522 quid
1190 1445 1316 1505 senserit

194 1539 259 1611 ille,
289 1537 341 1613 qui
371 1535 528 1613 epistulam
559 1534 691 1612 scripsit,
721 1535 874 1595 Johannes
905 1556 996 1614 papa,
1026 1535 1113 1594 facile
1144 1538 1316 1610 conjectura

196 1632 297 1704 potest
312 1625 418 1702 colligi.
453 1625 543 1684 Haud
560 1624 649 1683 dubie
665 1625 742 1684 enim
759 1623 815 1684 sibi
835 1625 992 1702 persuasit,
1008 1624 1194 1697 Hiberniam,
1211 1645 1314 1700 quam·

195 1716 241 1775 vis
264 1714 392 1773 maxima
408 1721 485 1774 esset
500 1713 747 1773 monasteriorum
764 1714 934 1787 auctoritas,
958 1721 1056 1774 tamen
1077 1714 1121 1772 ita
1137 1713 1316 1792 descriptam

196 1825 259 1865 esse
282 1804 314 1862 in
330 1805 510 1882 episcopales
525 1803 669 1880 regiones,
692 1809 726 1862 ut
742 1802 880 1879 episcopi,
904 1803 955 1881 qui
972 1803 1061 1861 iidem
1081 1803 1205 1861 abbates
1221 1807 1316 1876 erant,

196 1895 379 1973 singularum
402 1892 579 1951 dioecesium
609 1912 709 1950 curam
740 1897 886 1968 gererent.
931 1893 1019 1951 Hanc
1047 1892 1228 1969 opinionem,
1259 1892 1316 1950 etsi

198 1983 330 2042 Toddius
354 1983 402 2059 (cf.
423 1982 560 2058 Loening
585 1981 627 2054 II,
643 2003 671 2059 p.
689 1982 752 2039 413
775 1987 805 2039 et
825 1980 911 2057 445),
936 2001 1024 2059 quem
1046 1980 1174 2040 Skenius
1197 1986 1317 2040 secutus

199 2079 244 2132 est
266 2072 321 2148 (H,
338 2094 366 2149 p.
385 2072 439 2148 94)
463 2072 551 2130 aliter
573 2070 693 2130 videtur
716 2070 848 2143 sensisse,
872 2091 890 2128 a
910 2091 980 2129 vero
1003 2072 1129 2129 multum
1152 2070 1316 2143 aberrasse,

197 2182 256 2220 non
278 2161 388 2232 habeo,
419 2161 498 2238 quod
528 2165 638 2237 putem.
684 2158 842 2218 Accedunt
872 2159 949 2217 enim
980 2159 1018 2218 ad
1049 2160 1142 2237 ipsius
1171 2159 1317 2236 epistulae

198 2249 405 2309 auctoritatem
429 2249 488 2307 alia
511 2255 699 2326 argumenta,
731 2269 807 2324 quae
830 2268 893 2306 rem
920 2249 964 2307 ita
991 2269 1054 2309 sese
1075 2249 1213 2308 habuisse
1238 2268 1315 2307 com·

217 2339 331 2399 robent.

195 2362 228 2476 p.
285 2427 419 2485 Primum
443 2428 522 2504 quod
544 2426 671 2486 Patricii
695 2427 878 2504 temporibus
901 2426 1063 2506 episcopos,
1088 2434 1121 2486 ut
1144 2427 1187 2485 ita
1211 2426 1317 2502 dicam,

196 2516 380 2596 parochiales
402 2517 435 2573 in
458 2516 605 2575 Hibernia
627 2516 719 2576 fuisse
749 2523 887 2594 putemus
917 2536 1034 2575 necesse
1063 2522 1120 2590 est,
1147 2516 1232 2593 quod
1261 2537 1318 2574 nec

198 2605 325 2665 Skenius
356 2611 447 2682 negat
477 2626 531 2663 nec
555 2604 687 2664 Toddius
718 2626 840 2682 negasse
868 2606 994 2665 videtur.
1039 2605 1116 2666 Nam
1147 2604 1172 2663 si
1202 2605 1317 2680 aliquid

198 2697 233 2754 de
257 2694 389 2753 Patricio
414 2699 542 2767 constat,
574 2694 630 2752 hoc
653 2701 765 2753 certum
789 2701 841 2752 est.
887 2694 955 2755 Non
985 2695 1153 2772 provocabo
1176 2693 1318 2753 advitae

198 2804 293 2861 neque
323 2784 360 2842 ad
391 2783 465 2841 illud
487 2783 614 2842 Patricii
642 2781 809 2854 „Petriana
838 2780 1016 2851 Hibernium
1046 2781 1212 2843 constitutus
1243 2781 1316 2862 epur-

198 2879 305 2954 copus“
330 2876 389 2951 (ep.
416 2875 431 2931 1
458 2873 497 2931 Η.
522 2874 582 2932 and
605 2872 648 2932 st.
671 2873 718 2947 II,
745 2874 763 2929 2
792 2895 821 2950 p.
846 2874 923 2950 314)
955 2893 1050 2949 neque
1081 2873 1118 2931 ad
1149 2873 1318 2949 catalogum

200 2963 384 3036 Sanctorum,
408 2962 440 3020 in
464 2983 522 3039 quo
545 2962 618 3020 haec
641 2962 842 3040 reperiuntur:
862 2960 980 3044 plamae
1003 2960 1076 3022 ordo
1102 2957 1319 3022 Cotbob‘comm

199 3049 375 3111 sanctorem
407 3058 469 3109 erat
497 3049 529 3108 to
559 3058 687 3132 tempore
714 3048 845 3110 Patami.
898 3047 938 3110 Et
968 3059 1034 3110 tunc
1064 3059 1147 3109 erant
1174 3046 1319 3132 Episcopi

199 3158 297 3199 omnes
312 3183 415 3197 .....
438 3135 485 3197 Hi
508 3157 604 3198 omnes
627 3138 755 3219 eptrcmri
776 3138 812 3198 de
836 3136 980 3199 Romanis
1003 3148 1028 3198 et
1053 3135 1179 3199 Francia
1201 3147 1227 3198 et
1242 3136 1316 3198 Bri·

200 3226 312 3289 touibus
336 3236 362 3288 et
385 3223 479 3287 Sectis
502 3226 597 3287 scorti
618 3236 683 3287 aunt
707 3228 758 3303 (H.
782 3229 848 3287 and.
873 3228 916 3287 St.
941 3228 983 3302 II,
1006 3230 1024 3285 2
1049 3250 1077 3306 p.
1095 3229 1181 3305 292),
1205 3227 1256 3288 sed
1280 3228 1319 3286 ad

198 3317 311 3397 patrios
334 3317 428 3394 ipsius
455 3316 579 3375 Patricii
609 3337 704 3376 mores
727 3320 829 3396 (supra
852 3339 881 3395 p.
907 3319 961 3393 29)
985 3324 1016 3376 et
1046 3337 1143 3376 coram
1171 3317 1318 3389 omnibus,

200 3408 307 3485 quibus
336 3406 501 3466 Patricium
531 3427 596 3465 cum
626 3407 770 3466 Romanis
801 3406 1045 3466 necessitudinem
1083 3407 1221 3466 habuisse
1251 3426 1319 3483 per-

199 3497 348 3569 suaserim,
362 3497 399 3555 ad
411 3497 564 3554 Romanae
577 3495 714 3554 ecclesiae
727 3496 976 3555 consuetudinem.
1004 3495 1117 3569 Quodsi
1127 3495 1159 3553 in
1171 3495 1320 3554 Hibernia

201 3586 269 3644 olim
293 3587 414 3643 fuerunt
437 3584 520 3643 sedes
543 3584 737 3662 episcopales,
768 3585 847 3643 baud
877 3584 963 3643 facile
992 3585 1147 3661 quisquam
1172 3583 1229 3644 sibi
1251 3604 1318 3661 per·

200 3675 323 3735 suadeat
346 3694 460 3732 omnem
485 3673 594 3751 prioris
616 3679 712 3733 status
735 3674 904 3733 memoriam
929 3674 1081 3732 evanuisse
1105 3673 1185 3733 inter
1205 3671 1319 3734 Scotos.

292 3763 459 3822 Secundum
476 3764 555 3839 quod
571 3763 692 3822 summis
708 3764 738 3822 in
755 3763 915 3821 honoribus
932 3763 1009 3839 apud
1026 3761 1129 3821 Scotos
1152 3763 1322 3821 habebatur

201 3853 412 3929 Hieronymus.
459 3850 552 3928 Cujus
575 3853 681 3910 aetatis
706 3853 757 3929 qui
779 3852 882 3910 fuisset
910 3857 1006 3910 status
1035 3852 1247 3911 ecclesiasticus
1271 3852 1321 3910 vel

199 3941 413 4012 hierarchicus,
446 3939 529 4000 Scoti
559 3961 617 3999 non
632 3941 838 4017 ignorabant,
870 3940 958 3998 immo
982 3940 1126 3998 Columba
1149 3940 1319 3999 Luxovien·

200 4031 248 4104 sis,
271 4029 404 4089 Hiiensis
428 4030 590 4089 Columbae
614 4030 754 4106 aequalis,
778 4030 870 4108 ipsius
894 4030 1070 4106 Hieronymi
1092 4029 1191 4088 verbis
1214 4028 1320 4102 utitur,

199 4125 234 4178 ut
265 4139 341 4196 quae
373 4119 433 4179 sint
464 4121 685 4197 episcoporum,
722 4139 798 4195 quae
834 4118 1041 4177 monachorum
1073 4117 1169 4176 officia
1200 4117 1318 4177 doceat:

200 4205 243 4268 St.
275 4204 489 4289 Hieronymus,
520 4208 619 4284 inquit
642 4208 702 4286 (ep.
728 4209 756 4280 2,
786 4207 858 4265 bibl.
881 4229 956 4266 max.
980 4214 1057 4285 patr.
1084 4208 1132 4280 12,
1156 4229 1185 4285 p,
1211 4204 1251 4265 26
1267 4207 1320 4283 D.)

193 4293 284 4377 jussit
300 4294 447 4377 episcopos
461 4295 574 4357 imitare·
589 4292 743 4379 apostolos,
766 4293 921 4356 monachos
936 4315 1002 4356 cero
1018 4294 1115 4356 docuit
1129 4294 1209 4376 sequi
1220 4303 1323 4377 patrea
