<?xml version="1.0" encoding="UTF-8"?>
<!DOCTYPE html PUBLIC "-//W3C//DTD XHTML 1.0 Transitional//EN"
    "http://www.w3.org/TR/xhtml1/DTD/xhtml1-transitional.dtd">
<html xmlns="http://www.w3.org/1999/xhtml" xml:lang="en" lang="en">
 <head>
  <title>
</title>
<meta http-equiv="Content-Type" content="text/html;charset=utf-8" />
  <meta name='ocr-system' content='tesseract 3.04.00' />
  <meta name='ocr-capabilities' content='ocr_page ocr_carea ocr_par ocr_line ocrx_word'/>
</head>
<body>
  <div class='ocr_page' id='page_1' title='image "./antiquaebritonu00loofgoog_0116.png"; bbox 0 0 3024 4920; ppageno 0'>
   <div class='ocr_carea' id='block_1_1' title="bbox 634 220 877 276">
    <p class='ocr_par' dir='ltr' id='par_1_1' title="bbox 634 220 877 276">
     <span class='ocr_line' id='line_1_1' title="bbox 634 220 877 276; baseline 0 0"><span class='ocrx_word' id='word_1_1' title='bbox 634 220 877 276; x_wconf 83' lang='lat'>-107-</span> 
     </span>
    </p>
   </div>
   <div class='ocr_carea' id='block_1_2' title="bbox 126 397 1394 4387">
    <p class='ocr_par' dir='ltr' id='par_1_2' title="bbox 193 397 1317 921">
     <span class='ocr_line' id='line_1_2' title="bbox 193 397 1315 473; baseline -0.004 -13"><span class='ocrx_word' id='word_1_2' title='bbox 193 400 353 460; x_wconf 77' lang='lat' dir='ltr'><strong>abbatibus</strong></span> <span class='ocrx_word' id='word_1_3' title='bbox 376 406 408 458; x_wconf 88' lang='lat' dir='ltr'><strong>et</strong></span> <span class='ocrx_word' id='word_1_4' title='bbox 430 399 590 458; x_wconf 80' lang='lat' dir='ltr'><strong>abbatissis</strong></span> <span class='ocrx_word' id='word_1_5' title='bbox 606 398 858 473; x_wconf 73' lang='lat' dir='ltr'><strong>gubernabantur,</strong></span> <span class='ocrx_word' id='word_1_6' title='bbox 881 405 917 457; x_wconf 90' lang='lat' dir='ltr'><strong>ut</strong></span> <span class='ocrx_word' id='word_1_7' title='bbox 940 398 1032 456; x_wconf 85' lang='lat' dir='ltr'><strong>abbas</strong></span> <span class='ocrx_word' id='word_1_8' title='bbox 1055 397 1114 456; x_wconf 87' lang='lat' dir='ltr'><strong>toti</strong></span> <span class='ocrx_word' id='word_1_9' title='bbox 1136 399 1315 457; x_wconf 87' lang='lat' dir='ltr'><strong>monasterio</strong></span> 
     </span>
     <span class='ocr_line' id='line_1_3' title="bbox 193 486 1316 568; baseline -0.003 -20"><span class='ocrx_word' id='word_1_10' title='bbox 193 495 344 568; x_wconf 74' lang='lat' dir='ltr'><strong>praeesset</strong></span> <span class='ocrx_word' id='word_1_11' title='bbox 367 489 415 562; x_wconf 86' lang='lat' dir='ltr'><strong>(of.</strong></span> <span class='ocrx_word' id='word_1_12' title='bbox 431 488 568 564; x_wconf 86' lang='lat' dir='ltr'><strong>Loening</strong></span> <span class='ocrx_word' id='word_1_13' title='bbox 584 486 627 559; x_wconf 92' lang='lat' dir='ltr'><strong>II,</strong></span> <span class='ocrx_word' id='word_1_14' title='bbox 650 509 678 565; x_wconf 90' lang='lat' dir='ltr'><strong>p.</strong></span> <span class='ocrx_word' id='word_1_15' title='bbox 697 487 758 545; x_wconf 85' lang='grc'><strong>431</strong></span> <span class='ocrx_word' id='word_1_16' title='bbox 777 490 875 546; x_wconf 80' lang='grc'>11012</span> <span class='ocrx_word' id='word_1_17' title='bbox 901 494 931 546; x_wconf 88' lang='lat' dir='ltr'><strong>et</strong></span> <span class='ocrx_word' id='word_1_18' title='bbox 953 487 1006 546; x_wconf 91' lang='lat' dir='ltr'><strong>vit.</strong></span> <span class='ocrx_word' id='word_1_19' title='bbox 1030 486 1194 558; x_wconf 87' lang='lat' dir='ltr'><strong>Bercharii,</strong></span> <span class='ocrx_word' id='word_1_20' title='bbox 1222 487 1261 544; x_wconf 89' lang='grc'><strong>14</strong></span> <span class='ocrx_word' id='word_1_21' title='bbox 1286 492 1316 545; x_wconf 90' lang='lat' dir='ltr'><strong>et</strong></span> 
     </span>
     <span class='ocr_line' id='line_1_4' title="bbox 196 575 1316 654; baseline -0.004 -17"><span class='ocrx_word' id='word_1_22' title='bbox 196 580 236 637; x_wconf 83' lang='lat'><strong>18</strong></span> <span class='ocrx_word' id='word_1_23' title='bbox 259 579 339 637; x_wconf 87' lang='lat' dir='ltr'><strong>Mab.</strong></span> <span class='ocrx_word' id='word_1_24' title='bbox 354 576 398 647; x_wconf 87' lang='lat' dir='ltr'><strong>II,</strong></span> <span class='ocrx_word' id='word_1_25' title='bbox 421 598 489 636; x_wconf 89' lang='lat' dir='ltr'><strong>ann.</strong></span> <span class='ocrx_word' id='word_1_26' title='bbox 507 577 579 649; x_wconf 80' lang='lat'><strong>685,</strong></span> <span class='ocrx_word' id='word_1_27' title='bbox 603 596 632 652; x_wconf 92' lang='lat' dir='ltr'><strong>p.</strong></span> <span class='ocrx_word' id='word_1_28' title='bbox 649 576 712 634; x_wconf 84' lang='lat'><strong>840</strong></span> <span class='ocrx_word' id='word_1_29' title='bbox 730 583 761 635; x_wconf 90' lang='lat' dir='ltr'><strong>et</strong></span> <span class='ocrx_word' id='word_1_30' title='bbox 776 578 863 654; x_wconf 86' lang='grc'>842).</span> <span class='ocrx_word' id='word_1_31' title='bbox 909 575 968 636; x_wconf 83' lang='lat' dir='ltr'><strong>Sed</strong></span> <span class='ocrx_word' id='word_1_32' title='bbox 990 583 1152 653; x_wconf 89' lang='lat' dir='ltr'><strong>utcumque</strong></span> <span class='ocrx_word' id='word_1_33' title='bbox 1173 576 1247 633; x_wconf 87' lang='lat' dir='ltr'><strong>haec</strong></span> <span class='ocrx_word' id='word_1_34' title='bbox 1269 595 1316 634; x_wconf 90' lang='lat' dir='ltr'><strong>res</strong></span> 
     </span>
     <span class='ocr_line' id='line_1_5' title="bbox 193 663 1315 744; baseline -0.007 -16"><span class='ocrx_word' id='word_1_35' title='bbox 193 689 224 728; x_wconf 90' lang='lat' dir='ltr'><strong>se</strong></span> <span class='ocrx_word' id='word_1_36' title='bbox 247 667 346 738; x_wconf 89' lang='lat' dir='ltr'><strong>habet,</strong></span> <span class='ocrx_word' id='word_1_37' title='bbox 368 666 554 744; x_wconf 89' lang='lat' dir='ltr'><strong>potissimum</strong></span> <span class='ocrx_word' id='word_1_38' title='bbox 571 671 636 736; x_wconf 87' lang='lat' dir='ltr'><strong>est,</strong></span> <span class='ocrx_word' id='word_1_39' title='bbox 668 664 748 743; x_wconf 89' lang='lat' dir='ltr'><strong>quod</strong></span> <span class='ocrx_word' id='word_1_40' title='bbox 771 665 951 725; x_wconf 89' lang='lat' dir='ltr'><strong>monasteria</strong></span> <span class='ocrx_word' id='word_1_41' title='bbox 974 665 1103 743; x_wconf 87' lang='lat' dir='ltr'><strong>duplicia</strong></span> <span class='ocrx_word' id='word_1_42' title='bbox 1127 664 1237 724; x_wconf 84' lang='lat' dir='ltr'><strong>saeculi</strong></span> <span class='ocrx_word' id='word_1_43' title='bbox 1260 663 1315 736; x_wconf 88' lang='lat' dir='ltr'><strong>VI,</strong></span> 
     </span>
     <span class='ocr_line' id='line_1_6' title="bbox 194 751 1317 833; baseline -0.003 -18"><span class='ocrx_word' id='word_1_44' title='bbox 194 756 266 828; x_wconf 85' lang='lat' dir='ltr'><strong>VII,</strong></span> <span class='ocrx_word' id='word_1_45' title='bbox 290 751 383 814; x_wconf 64' lang='lat' dir='ltr'><strong>VIII*</strong></span> <span class='ocrx_word' id='word_1_46' title='bbox 412 755 596 832; x_wconf 82' lang='lat' dir='ltr'><strong>temporibus</strong></span> <span class='ocrx_word' id='word_1_47' title='bbox 619 755 737 833; x_wconf 85' lang='lat' dir='ltr'><strong>passim</strong></span> <span class='ocrx_word' id='word_1_48' title='bbox 752 755 954 832; x_wconf 89' lang='lat' dir='ltr'><strong>reperiuntur,</strong></span> <span class='ocrx_word' id='word_1_49' title='bbox 983 754 1072 814; x_wconf 91' lang='lat' dir='ltr'><strong>etiam</strong></span> <span class='ocrx_word' id='word_1_50' title='bbox 1096 754 1177 831; x_wconf 88' lang='lat' dir='ltr'><strong>apud</strong></span> <span class='ocrx_word' id='word_1_51' title='bbox 1199 753 1317 830; x_wconf 83' lang='lat' dir='ltr'><strong>Anglos</strong></span> 
     </span>
     <span class='ocr_line' id='line_1_7' title="bbox 195 843 1227 921; baseline -0.004 -17"><span class='ocrx_word' id='word_1_52' title='bbox 195 844 328 921; x_wconf 82' lang='lat' dir='ltr'><strong>(Rudols,</strong></span> <span class='ocrx_word' id='word_1_53' title='bbox 351 844 404 904; x_wconf 84' lang='lat' dir='ltr'><strong>vit.</strong></span> <span class='ocrx_word' id='word_1_54' title='bbox 427 843 542 902; x_wconf 88' lang='lat' dir='ltr'><strong>Liobae</strong></span> <span class='ocrx_word' id='word_1_55' title='bbox 570 846 596 902; x_wconf 92' lang='grc'><strong>1.</strong></span> <span class='ocrx_word' id='word_1_56' title='bbox 619 843 698 902; x_wconf 83' lang='lat' dir='ltr'><strong>Mab.</strong></span> <span class='ocrx_word' id='word_1_57' title='bbox 722 843 783 914; x_wconf 90' lang='lat' dir='ltr'><strong>III,</strong></span> <span class='ocrx_word' id='word_1_58' title='bbox 802 845 820 900; x_wconf 90' lang='grc'><strong>2</strong></span> <span class='ocrx_word' id='word_1_59' title='bbox 845 865 912 902; x_wconf 90' lang='lat' dir='ltr'><strong>ann.</strong></span> <span class='ocrx_word' id='word_1_60' title='bbox 938 845 1011 915; x_wconf 98' lang='grc'><strong>772,</strong></span> <span class='ocrx_word' id='word_1_61' title='bbox 1035 865 1064 920; x_wconf 91' lang='lat' dir='ltr'><strong>p.</strong></span> <span class='ocrx_word' id='word_1_62' title='bbox 1082 844 1144 901; x_wconf 87' lang='grc'><strong>246</strong></span> <span class='ocrx_word' id='word_1_63' title='bbox 1162 846 1227 919; x_wconf 82' lang='lat' dir='ltr'><strong>sq).</strong></span> 
     </span>
    </p>

    <p class='ocr_par' dir='ltr' id='par_1_3' title="bbox 190 932 1344 2168">
     <span class='ocr_line' id='line_1_8' title="bbox 283 932 1344 1011; baseline -0.001 -20"><span class='ocrx_word' id='word_1_64' title='bbox 283 933 364 1008; x_wconf 77' lang='lat' dir='ltr'><strong>Quid</strong></span> <span class='ocrx_word' id='word_1_65' title='bbox 398 933 519 992; x_wconf 89' lang='lat' dir='ltr'><strong>tandem</strong></span> <span class='ocrx_word' id='word_1_66' title='bbox 549 933 704 993; x_wconf 79' lang='lat' dir='ltr'><strong>Scotorum</strong></span> <span class='ocrx_word' id='word_1_67' title='bbox 739 932 913 1011; x_wconf 83' lang='lat' dir='ltr'><strong>proprium?</strong></span> <span class='ocrx_word' id='word_1_68' title='bbox 947 932 1074 991; x_wconf 81' lang='lat' dir='ltr'><strong>Frustra</strong></span> <span class='ocrx_word' id='word_1_69' title='bbox 1109 932 1316 1008; x_wconf 81' lang='lat' dir='ltr'><strong>quaesivimus,</strong></span> <span class='ocrx_word' id='word_1_70' title='bbox 1340 949 1344 954; x_wconf 89' lang='grc'><strong>’</strong></span> 
     </span>
     <span class='ocr_line' id='line_1_9' title="bbox 196 1021 1316 1099; baseline -0.003 -18"><span class='ocrx_word' id='word_1_71' title='bbox 196 1022 294 1099; x_wconf 91' lang='lat' dir='ltr'><strong>quoad</strong></span> <span class='ocrx_word' id='word_1_72' title='bbox 317 1023 483 1099; x_wconf 81' lang='lat' dir='ltr'><strong>generatim</strong></span> <span class='ocrx_word' id='word_1_73' title='bbox 506 1028 597 1099; x_wconf 88' lang='lat' dir='ltr'><strong>atque</strong></span> <span class='ocrx_word' id='word_1_74' title='bbox 627 1022 765 1081; x_wconf 89' lang='lat' dir='ltr'><strong>universe</strong></span> <span class='ocrx_word' id='word_1_75' title='bbox 795 1021 923 1081; x_wconf 88' lang='lat' dir='ltr'><strong>diximus</strong></span> <span class='ocrx_word' id='word_1_76' title='bbox 953 1021 989 1079; x_wconf 89' lang='lat' dir='ltr'><strong>de</strong></span> <span class='ocrx_word' id='word_1_77' title='bbox 1013 1021 1076 1080; x_wconf 91' lang='lat' dir='ltr'><strong>vita</strong></span> <span class='ocrx_word' id='word_1_78' title='bbox 1098 1021 1316 1091; x_wconf 88' lang='lat' dir='ltr'><strong>monachorum,</strong></span> 
     </span>
     <span class='ocr_line' id='line_1_10' title="bbox 195 1109 1317 1186; baseline -0.004 -16"><span class='ocrx_word' id='word_1_79' title='bbox 195 1132 264 1170; x_wconf 90' lang='lat' dir='ltr'><strong>nam</strong></span> <span class='ocrx_word' id='word_1_80' title='bbox 280 1111 345 1171; x_wconf 88' lang='lat' dir='ltr'><strong>vita</strong></span> <span class='ocrx_word' id='word_1_81' title='bbox 361 1110 541 1183; x_wconf 90' lang='lat' dir='ltr'><strong>monachica,</strong></span> <span class='ocrx_word' id='word_1_82' title='bbox 565 1111 591 1170; x_wconf 90' lang='lat' dir='ltr'><strong>si</strong></span> <span class='ocrx_word' id='word_1_83' title='bbox 607 1110 760 1169; x_wconf 89' lang='lat' dir='ltr'><strong>elementis</strong></span> <span class='ocrx_word' id='word_1_84' title='bbox 782 1110 974 1186; x_wconf 84' lang='lat' dir='ltr'><strong>judicandum</strong></span> <span class='ocrx_word' id='word_1_85' title='bbox 997 1117 1051 1183; x_wconf 88' lang='lat' dir='ltr'><strong>est,</strong></span> <span class='ocrx_word' id='word_1_86' title='bbox 1073 1130 1121 1168; x_wconf 92' lang='lat' dir='ltr'><strong>res</strong></span> <span class='ocrx_word' id='word_1_87' title='bbox 1145 1116 1190 1168; x_wconf 89' lang='lat' dir='ltr'><strong>est</strong></span> <span class='ocrx_word' id='word_1_88' title='bbox 1212 1109 1317 1167; x_wconf 90' lang='lat' dir='ltr'><strong>similis</strong></span> 
     </span>
     <span class='ocr_line' id='line_1_11' title="bbox 190 1197 1318 1277; baseline -0.004 -18"><span class='ocrx_word' id='word_1_89' title='bbox 190 1200 305 1276; x_wconf 41' lang='lat' dir='ltr'><strong>&gt;ubique</strong></span> <span class='ocrx_word' id='word_1_90' title='bbox 336 1207 368 1260; x_wconf 86' lang='lat' dir='ltr'><strong>et</strong></span> <span class='ocrx_word' id='word_1_91' title='bbox 397 1201 500 1259; x_wconf 90' lang='lat' dir='ltr'><strong>eadem</strong></span> <span class='ocrx_word' id='word_1_92' title='bbox 524 1219 648 1277; x_wconf 87' lang='lat' dir='ltr'><strong>semper.</strong></span> <span class='ocrx_word' id='word_1_93' title='bbox 694 1197 846 1258; x_wconf 88' lang='lat' dir='ltr'><strong>Interiora</strong></span> <span class='ocrx_word' id='word_1_94' title='bbox 876 1206 974 1259; x_wconf 90' lang='lat' dir='ltr'><strong>autem</strong></span> <span class='ocrx_word' id='word_1_95' title='bbox 1005 1198 1127 1258; x_wconf 90' lang='lat' dir='ltr'><strong>vivendi</strong></span> <span class='ocrx_word' id='word_1_96' title='bbox 1158 1205 1318 1276; x_wconf 86' lang='lat' dir='ltr'><strong>praecepta</strong></span> 
     </span>
     <span class='ocr_line' id='line_1_12' title="bbox 195 1287 1318 1365; baseline -0.004 -16"><span class='ocrx_word' id='word_1_97' title='bbox 195 1290 279 1349; x_wconf 87' lang='lat' dir='ltr'><strong>varia</strong></span> <span class='ocrx_word' id='word_1_98' title='bbox 302 1289 333 1347; x_wconf 93' lang='lat' dir='ltr'><strong>in</strong></span> <span class='ocrx_word' id='word_1_99' title='bbox 357 1289 481 1348; x_wconf 87' lang='lat' dir='ltr'><strong>ecclesia</strong></span> <span class='ocrx_word' id='word_1_100' title='bbox 505 1307 665 1365; x_wconf 90' lang='lat' dir='ltr'><strong>numquam</strong></span> <span class='ocrx_word' id='word_1_101' title='bbox 689 1308 749 1347; x_wconf 92' lang='lat' dir='ltr'><strong>non</strong></span> <span class='ocrx_word' id='word_1_102' title='bbox 772 1294 866 1348; x_wconf 85' lang='lat' dir='ltr'><strong>erant.</strong></span> <span class='ocrx_word' id='word_1_103' title='bbox 896 1323 940 1334; x_wconf 90' lang='lat'>—</span> <span class='ocrx_word' id='word_1_104' title='bbox 971 1289 1081 1348; x_wconf 88' lang='lat' dir='ltr'><strong>Multas</strong></span> <span class='ocrx_word' id='word_1_105' title='bbox 1109 1287 1263 1346; x_wconf 81' lang='lat' dir='ltr'><strong>novarias</strong></span> <span class='ocrx_word' id='word_1_106' title='bbox 1286 1287 1318 1344; x_wconf 90' lang='lat' dir='ltr'><strong>in</strong></span> 
     </span>
     <span class='ocr_line' id='line_1_13' title="bbox 195 1375 1318 1455; baseline -0.004 -18"><span class='ocrx_word' id='word_1_107' title='bbox 195 1378 390 1437; x_wconf 86' lang='lat' dir='ltr'><strong>orientalibus</strong></span> <span class='ocrx_word' id='word_1_108' title='bbox 420 1377 558 1436; x_wconf 87' lang='lat' dir='ltr'><strong>ecclesiae</strong></span> <span class='ocrx_word' id='word_1_109' title='bbox 589 1378 725 1455; x_wconf 86' lang='lat' dir='ltr'><strong>partibus</strong></span> <span class='ocrx_word' id='word_1_110' title='bbox 755 1383 825 1436; x_wconf 89' lang='lat' dir='ltr'><strong>ante</strong></span> <span class='ocrx_word' id='word_1_111' title='bbox 856 1376 1032 1436; x_wconf 78' lang='lat' dir='ltr'><strong>Columbam</strong></span> <span class='ocrx_word' id='word_1_112' title='bbox 1063 1384 1093 1436; x_wconf 89' lang='lat' dir='ltr'><strong>et</strong></span> <span class='ocrx_word' id='word_1_113' title='bbox 1122 1375 1318 1435; x_wconf 89' lang='lat' dir='ltr'><strong>Benedictum</strong></span> 
     </span>
     <span class='ocr_line' id='line_1_14' title="bbox 195 1466 1318 1544; baseline -0.001 -19"><span class='ocrx_word' id='word_1_114' title='bbox 195 1467 344 1526; x_wconf 82' lang='lat' dir='ltr'><strong>exstitisse</strong></span> <span class='ocrx_word' id='word_1_115' title='bbox 367 1467 486 1543; x_wconf 83' lang='lat' dir='ltr'><strong>regulas</strong></span> <span class='ocrx_word' id='word_1_116' title='bbox 508 1466 587 1524; x_wconf 90' lang='lat' dir='ltr'><strong>inter</strong></span> <span class='ocrx_word' id='word_1_117' title='bbox 610 1486 711 1525; x_wconf 89' lang='lat' dir='ltr'><strong>omnes</strong></span> <span class='ocrx_word' id='word_1_118' title='bbox 740 1473 858 1526; x_wconf 88' lang='lat' dir='ltr'><strong>constat</strong></span> <span class='ocrx_word' id='word_1_119' title='bbox 885 1486 981 1544; x_wconf 88' lang='lat' dir='ltr'><strong>neque</strong></span> <span class='ocrx_word' id='word_1_120' title='bbox 1013 1467 1109 1524; x_wconf 91' lang='lat' dir='ltr'><strong>minus</strong></span> <span class='ocrx_word' id='word_1_121' title='bbox 1138 1472 1242 1524; x_wconf 89' lang='lat' dir='ltr'><strong>notum</strong></span> <span class='ocrx_word' id='word_1_122' title='bbox 1273 1472 1318 1524; x_wconf 88' lang='lat' dir='ltr'><strong>est</strong></span> 
     </span>
     <span class='ocr_line' id='line_1_15' title="bbox 195 1554 1318 1632; baseline -0.002 -18"><span class='ocrx_word' id='word_1_123' title='bbox 195 1557 226 1614; x_wconf 93' lang='lat' dir='ltr'><strong>in</strong></span> <span class='ocrx_word' id='word_1_124' title='bbox 249 1555 380 1614; x_wconf 87' lang='lat' dir='ltr'><strong>occiduis</strong></span> <span class='ocrx_word' id='word_1_125' title='bbox 408 1555 547 1615; x_wconf 88' lang='lat' dir='ltr'><strong>ecclesiae</strong></span> <span class='ocrx_word' id='word_1_126' title='bbox 578 1555 749 1632; x_wconf 83' lang='lat' dir='ltr'><strong>regionibus</strong></span> <span class='ocrx_word' id='word_1_127' title='bbox 780 1556 938 1616; x_wconf 90' lang='lat' dir='ltr'><strong>monachos</strong></span> <span class='ocrx_word' id='word_1_128' title='bbox 969 1556 1115 1615; x_wconf 88' lang='lat' dir='ltr'><strong>elementa</strong></span> <span class='ocrx_word' id='word_1_129' title='bbox 1144 1554 1318 1632; x_wconf 88' lang='lat' dir='ltr'><strong>disciplinae</strong></span> 
     </span>
     <span class='ocr_line' id='line_1_16' title="bbox 195 1642 1319 1716; baseline -0.004 -11"><span class='ocrx_word' id='word_1_130' title='bbox 195 1646 233 1705; x_wconf 86' lang='lat' dir='ltr'><strong>ab</strong></span> <span class='ocrx_word' id='word_1_131' title='bbox 257 1645 317 1704; x_wconf 91' lang='lat' dir='ltr'><strong>illis</strong></span> <span class='ocrx_word' id='word_1_132' title='bbox 340 1665 403 1704; x_wconf 91' lang='lat' dir='ltr'><strong>esse</strong></span> <span class='ocrx_word' id='word_1_133' title='bbox 426 1650 586 1716; x_wconf 86' lang='lat' dir='ltr'><strong>mutuatos,</strong></span> <span class='ocrx_word' id='word_1_134' title='bbox 610 1644 757 1702; x_wconf 88' lang='lat' dir='ltr'><strong>communi</strong></span> <span class='ocrx_word' id='word_1_135' title='bbox 773 1651 879 1704; x_wconf 86' lang='lat' dir='ltr'><strong>autem</strong></span> <span class='ocrx_word' id='word_1_136' title='bbox 908 1645 1089 1703; x_wconf 77' lang='lat' dir='ltr'><strong>accuratiore</strong></span> <span class='ocrx_word' id='word_1_137' title='bbox 1117 1642 1319 1703; x_wconf 83' lang='lat' dir='ltr'><strong>instituendae</strong></span> 
     </span>
     <span class='ocr_line' id='line_1_17' title="bbox 195 1732 1318 1810; baseline -0.002 -18"><span class='ocrx_word' id='word_1_138' title='bbox 195 1735 275 1793; x_wconf 89' lang='lat' dir='ltr'><strong>vitae</strong></span> <span class='ocrx_word' id='word_1_139' title='bbox 298 1754 402 1792; x_wconf 91' lang='lat' dir='ltr'><strong>norma</strong></span> <span class='ocrx_word' id='word_1_140' title='bbox 418 1753 539 1810; x_wconf 89' lang='lat' dir='ltr'><strong>prorsus</strong></span> <span class='ocrx_word' id='word_1_141' title='bbox 556 1732 692 1791; x_wconf 87' lang='lat' dir='ltr'><strong>caruisse.</strong></span> <span class='ocrx_word' id='word_1_142' title='bbox 723 1732 791 1792; x_wconf 82' lang='lat' dir='ltr'><strong>Etsi</strong></span> <span class='ocrx_word' id='word_1_143' title='bbox 814 1733 892 1792; x_wconf 90' lang='lat' dir='ltr'><strong>enim</strong></span> <span class='ocrx_word' id='word_1_144' title='bbox 917 1734 948 1792; x_wconf 90' lang='lat' dir='ltr'><strong>iu</strong></span> <span class='ocrx_word' id='word_1_145' title='bbox 971 1732 1071 1792; x_wconf 80' lang='lat' dir='ltr'><strong>Gallia</strong></span> <span class='ocrx_word' id='word_1_146' title='bbox 1088 1768 1131 1778; x_wconf 96' lang='lat'>—</span> <span class='ocrx_word' id='word_1_147' title='bbox 1146 1740 1180 1792; x_wconf 91' lang='lat' dir='ltr'><strong>ut</strong></span> <span class='ocrx_word' id='word_1_148' title='bbox 1204 1740 1318 1791; x_wconf 88' lang='lat' dir='ltr'><strong>taceam</strong></span> 
     </span>
     <span class='ocr_line' id='line_1_18' title="bbox 196 1820 1319 1898; baseline 0.001 -21"><span class='ocrx_word' id='word_1_149' title='bbox 196 1821 232 1878; x_wconf 93' lang='lat' dir='ltr'><strong>de</strong></span> <span class='ocrx_word' id='word_1_150' title='bbox 248 1821 315 1880; x_wconf 90' lang='lat' dir='ltr'><strong>aliis</strong></span> <span class='ocrx_word' id='word_1_151' title='bbox 330 1821 503 1897; x_wconf 89' lang='lat' dir='ltr'><strong>regionibus</strong></span> <span class='ocrx_word' id='word_1_152' title='bbox 522 1856 559 1865; x_wconf 94' lang='lat'><em>-</em></span> <span class='ocrx_word' id='word_1_153' title='bbox 578 1827 695 1885; x_wconf 88' lang='lat' dir='ltr'><strong>constat</strong></span> <span class='ocrx_word' id='word_1_154' title='bbox 710 1822 800 1881; x_wconf 89' lang='lat' dir='ltr'><strong>fuisse</strong></span> <span class='ocrx_word' id='word_1_155' title='bbox 823 1823 1010 1896; x_wconf 88' lang='lat' dir='ltr'><strong>monasteria,</strong></span> <span class='ocrx_word' id='word_1_156' title='bbox 1033 1841 1159 1898; x_wconf 90' lang='lat' dir='ltr'><strong>quorum</strong></span> <span class='ocrx_word' id='word_1_157' title='bbox 1183 1820 1319 1879; x_wconf 89' lang='lat' dir='ltr'><strong>monachi</strong></span> 
     </span>
     <span class='ocr_line' id='line_1_19' title="bbox 196 1910 1319 1988; baseline -0.002 -20"><span class='ocrx_word' id='word_1_158' title='bbox 196 1915 278 1968; x_wconf 89' lang='lat' dir='ltr'><strong>certa</strong></span> <span class='ocrx_word' id='word_1_159' title='bbox 301 1930 336 1969; x_wconf 90' lang='lat' dir='ltr'><strong>ac</strong></span> <span class='ocrx_word' id='word_1_160' title='bbox 358 1910 483 1968; x_wconf 88' lang='lat' dir='ltr'><strong>definita</strong></span> <span class='ocrx_word' id='word_1_161' title='bbox 504 1910 625 1969; x_wconf 88' lang='lat' dir='ltr'><strong>vivendi</strong></span> <span class='ocrx_word' id='word_1_162' title='bbox 647 1931 751 1969; x_wconf 91' lang='lat' dir='ltr'><strong>norma</strong></span> <span class='ocrx_word' id='word_1_163' title='bbox 774 1931 867 1988; x_wconf 84' lang='lat' dir='ltr'><strong>eaque</strong></span> <span class='ocrx_word' id='word_1_164' title='bbox 891 1911 1023 1971; x_wconf 77' lang='lat' dir='ltr'><strong>Caesarii</strong></span> <span class='ocrx_word' id='word_1_165' title='bbox 1046 1910 1232 1970; x_wconf 86' lang='lat' dir='ltr'><strong>Arelatensis</strong></span> <span class='ocrx_word' id='word_1_166' title='bbox 1255 1914 1319 1967; x_wconf 90' lang='lat' dir='ltr'><strong>ute·</strong></span> 
     </span>
     <span class='ocr_line' id='line_1_20' title="bbox 196 1994 1318 2076; baseline -0.001 -20"><span class='ocrx_word' id='word_1_167' title='bbox 196 1997 307 2056; x_wconf 87' lang='lat' dir='ltr'><strong>bantur</strong></span> <span class='ocrx_word' id='word_1_168' title='bbox 329 1998 492 2076; x_wconf 85' lang='lat' dir='ltr'><strong>(Bettberg</strong></span> <span class='ocrx_word' id='word_1_169' title='bbox 514 1997 557 2071; x_wconf 91' lang='lat' dir='ltr'><strong>II,</strong></span> <span class='ocrx_word' id='word_1_170' title='bbox 580 2019 609 2076; x_wconf 91' lang='lat' dir='ltr'><strong>p.</strong></span> <span class='ocrx_word' id='word_1_171' title='bbox 627 2001 717 2076; x_wconf 86' lang='grc'><strong>678),</strong></span> <span class='ocrx_word' id='word_1_172' title='bbox 749 2000 806 2058; x_wconf 89' lang='lat' dir='ltr'><strong>etsi</strong></span> <span class='ocrx_word' id='word_1_173' title='bbox 836 2001 868 2057; x_wconf 94' lang='lat' dir='ltr'><strong>in</strong></span> <span class='ocrx_word' id='word_1_174' title='bbox 891 2001 1041 2059; x_wconf 88' lang='lat' dir='ltr'><strong>nonnullis</strong></span> <span class='ocrx_word' id='word_1_175' title='bbox 1064 1998 1252 2059; x_wconf 90' lang='lat' dir='ltr'><strong>monasteriis</strong></span> <span class='ocrx_word' id='word_1_176' title='bbox 1274 1994 1318 2056; x_wconf 87' lang='lat' dir='ltr'><strong>in·</strong></span> 
     </span>
     <span class='ocr_line' id='line_1_21' title="bbox 196 2084 1318 2168; baseline -0.001 -23"><span class='ocrx_word' id='word_1_177' title='bbox 196 2085 294 2146; x_wconf 69' lang='lat' dir='ltr'><strong>ancta</strong></span> <span class='ocrx_word' id='word_1_178' title='bbox 321 2085 358 2147; x_wconf 82' lang='lat' dir='ltr'><strong>de</strong></span> <span class='ocrx_word' id='word_1_179' title='bbox 380 2084 584 2168; x_wconf 69' lang='lat' dir='ltr'><strong>informatione</strong></span> <span class='ocrx_word' id='word_1_180' title='bbox 607 2086 734 2148; x_wconf 86' lang='lat' dir='ltr'><strong>coenobii</strong></span> <span class='ocrx_word' id='word_1_181' title='bbox 755 2096 914 2148; x_wconf 89' lang='lat' dir='ltr'><strong>occurrunt</strong></span> <span class='ocrx_word' id='word_1_182' title='bbox 937 2088 1060 2164; x_wconf 87' lang='lat' dir='ltr'><strong>(Arndt,</strong></span> <span class='ocrx_word' id='word_1_183' title='bbox 1084 2088 1193 2147; x_wconf 89' lang='lat' dir='ltr'><strong>Kleine</strong></span> <span class='ocrx_word' id='word_1_184' title='bbox 1216 2086 1318 2145; x_wconf 87' lang='lat' dir='ltr'><strong>Deuk-</strong></span> 
     </span>
    </p>

    <p class='ocr_par' dir='ltr' id='par_1_4' title="bbox 126 2176 1394 3234">
     <span class='ocr_line' id='line_1_22' title="bbox 196 2176 1319 2255; baseline 0 -22"><span class='ocrx_word' id='word_1_185' title='bbox 196 2176 290 2234; x_wconf 75' lang='lat' dir='ltr'><strong>muter</strong></span> <span class='ocrx_word' id='word_1_186' title='bbox 312 2196 366 2235; x_wconf 90' lang='lat' dir='ltr'><strong>aus</strong></span> <span class='ocrx_word' id='word_1_187' title='bbox 389 2176 442 2235; x_wconf 90' lang='lat' dir='ltr'><strong>der</strong></span> <span class='ocrx_word' id='word_1_188' title='bbox 464 2176 735 2254; x_wconf 85' lang='lat' dir='ltr'><strong>Merowingerzeit,</strong></span> <span class='ocrx_word' id='word_1_189' title='bbox 758 2199 788 2255; x_wconf 89' lang='lat' dir='ltr'><strong>p.</strong></span> <span class='ocrx_word' id='word_1_190' title='bbox 808 2179 901 2255; x_wconf 90' lang='lat' dir='ltr'><strong>4sq.)</strong></span> <span class='ocrx_word' id='word_1_191' title='bbox 925 2184 1024 2248; x_wconf 84' lang='lat' dir='ltr'><strong>tamen</strong></span> <span class='ocrx_word' id='word_1_192' title='bbox 1048 2179 1142 2252; x_wconf 90' lang='lat' dir='ltr'><strong>major</strong></span> <span class='ocrx_word' id='word_1_193' title='bbox 1164 2197 1233 2255; x_wconf 87' lang='lat' dir='ltr'><strong>pars</strong></span> <span class='ocrx_word' id='word_1_194' title='bbox 1257 2194 1319 2233; x_wconf 93' lang='lat' dir='ltr'><strong>mo·</strong></span> 
     </span>
     <span class='ocr_line' id='line_1_23' title="bbox 126 2256 1317 2344; baseline -0.001 -21"><span class='ocrx_word' id='word_1_195' title='bbox 126 2256 130 2264; x_wconf 52' lang='lat'><strong>¹</strong></span> <span class='ocrx_word' id='word_1_196' title='bbox 195 2264 393 2324; x_wconf 88' lang='lat' dir='ltr'><strong>nasteriorum</strong></span> <span class='ocrx_word' id='word_1_197' title='bbox 417 2267 472 2325; x_wconf 89' lang='lat' dir='ltr'><strong>sub</strong></span> <span class='ocrx_word' id='word_1_198' title='bbox 495 2267 627 2343; x_wconf 87' lang='lat' dir='ltr'><strong>regulari</strong></span> <span class='ocrx_word' id='word_1_199' title='bbox 650 2266 808 2344; x_wconf 88' lang='lat' dir='ltr'><strong>disciplina</strong></span> <span class='ocrx_word' id='word_1_200' title='bbox 831 2288 891 2325; x_wconf 92' lang='lat' dir='ltr'><strong>non</strong></span> <span class='ocrx_word' id='word_1_201' title='bbox 914 2273 979 2326; x_wconf 91' lang='lat' dir='ltr'><strong>erat</strong></span> <span class='ocrx_word' id='word_1_202' title='bbox 1002 2269 1050 2343; x_wconf 85' lang='lat' dir='ltr'><strong>(of.</strong></span> <span class='ocrx_word' id='word_1_203' title='bbox 1066 2267 1183 2339; x_wconf 85' lang='lat' dir='ltr'><strong>Hertel,</strong></span> <span class='ocrx_word' id='word_1_204' title='bbox 1207 2287 1236 2343; x_wconf 90' lang='lat' dir='ltr'><strong>p.</strong></span> <span class='ocrx_word' id='word_1_205' title='bbox 1253 2266 1317 2323; x_wconf 90' lang='grc'><strong>440</strong></span> 
     </span>
     <span class='ocr_line' id='line_1_24' title="bbox 197 2352 1319 2433; baseline -0.002 -21"><span class='ocrx_word' id='word_1_206' title='bbox 197 2361 227 2413; x_wconf 88' lang='lat' dir='ltr'><strong>et</strong></span> <span class='ocrx_word' id='word_1_207' title='bbox 250 2354 303 2427; x_wconf 86' lang='lat' dir='ltr'><strong>vit.</strong></span> <span class='ocrx_word' id='word_1_208' title='bbox 326 2354 515 2432; x_wconf 87' lang='lat' dir='ltr'><strong>Wandregis.</strong></span> <span class='ocrx_word' id='word_1_209' title='bbox 533 2357 551 2412; x_wconf 84' lang='lat'>9</span> <span class='ocrx_word' id='word_1_210' title='bbox 569 2363 600 2415; x_wconf 90' lang='lat' dir='ltr'><strong>et</strong></span> <span class='ocrx_word' id='word_1_211' title='bbox 618 2357 667 2427; x_wconf 89' lang='grc'><strong>10,</strong></span> <span class='ocrx_word' id='word_1_212' title='bbox 690 2376 719 2433; x_wconf 85' lang='lat' dir='ltr'><strong>p.</strong></span> <span class='ocrx_word' id='word_1_213' title='bbox 737 2356 810 2429; x_wconf 87' lang='grc'><strong>528,</strong></span> <span class='ocrx_word' id='word_1_214' title='bbox 833 2356 928 2416; x_wconf 89' lang='lat' dir='ltr'><strong>Jonas</strong></span> <span class='ocrx_word' id='word_1_215' title='bbox 945 2357 997 2414; x_wconf 88' lang='lat' dir='ltr'><strong>vit.</strong></span> <span class='ocrx_word' id='word_1_216' title='bbox 1014 2355 1112 2416; x_wconf 84' lang='lat' dir='ltr'><strong>Attal.</strong></span> <span class='ocrx_word' id='word_1_217' title='bbox 1131 2358 1159 2427; x_wconf 90' lang='grc'>1,</span> <span class='ocrx_word' id='word_1_218' title='bbox 1182 2354 1260 2414; x_wconf 88' lang='lat' dir='ltr'><strong>Mab.</strong></span> <span class='ocrx_word' id='word_1_219' title='bbox 1275 2352 1319 2427; x_wconf 95' lang='lat' dir='ltr'><strong>II,</strong></span> 
     </span>
     <span class='ocr_line' id='line_1_25' title="bbox 197 2443 1320 2522; baseline 0 -22"><span class='ocrx_word' id='word_1_220' title='bbox 197 2462 264 2500; x_wconf 92' lang='lat' dir='ltr'><strong>ann.</strong></span> <span class='ocrx_word' id='word_1_221' title='bbox 282 2443 355 2515; x_wconf 86' lang='grc'><strong>627,</strong></span> <span class='ocrx_word' id='word_1_222' title='bbox 371 2463 400 2520; x_wconf 90' lang='lat' dir='ltr'><strong>p.</strong></span> <span class='ocrx_word' id='word_1_223' title='bbox 420 2443 505 2520; x_wconf 84' lang='grc'>123),</span> <span class='ocrx_word' id='word_1_224' title='bbox 529 2465 565 2502; x_wconf 87' lang='lat' dir='ltr'><strong>ex</strong></span> <span class='ocrx_word' id='word_1_225' title='bbox 587 2445 729 2503; x_wconf 88' lang='lat' dir='ltr'><strong>abbatum</strong></span> <span class='ocrx_word' id='word_1_226' title='bbox 745 2446 844 2522; x_wconf 90' lang='lat' dir='ltr'><strong>potius</strong></span> <span class='ocrx_word' id='word_1_227' title='bbox 859 2447 1014 2504; x_wconf 89' lang='lat' dir='ltr'><strong>voluntate</strong></span> <span class='ocrx_word' id='word_1_228' title='bbox 1037 2443 1196 2522; x_wconf 89' lang='lat' dir='ltr'><strong>pendebat,</strong></span> <span class='ocrx_word' id='word_1_229' title='bbox 1219 2447 1320 2501; x_wconf 88' lang='lat' dir='ltr'><strong>utrum</strong></span> 
     </span>
     <span class='ocr_line' id='line_1_26' title="bbox 197 2530 1320 2606; baseline 0.003 -18"><span class='ocrx_word' id='word_1_230' title='bbox 197 2530 334 2590; x_wconf 89' lang='lat' dir='ltr'><strong>monaehi</strong></span> <span class='ocrx_word' id='word_1_231' title='bbox 357 2552 374 2589; x_wconf 88' lang='lat' dir='ltr'><strong>a</strong></span> <span class='ocrx_word' id='word_1_232' title='bbox 396 2531 476 2591; x_wconf 88' lang='lat' dir='ltr'><strong>vitae</strong></span> <span class='ocrx_word' id='word_1_233' title='bbox 500 2532 616 2590; x_wconf 90' lang='lat' dir='ltr'><strong>ratione</strong></span> <span class='ocrx_word' id='word_1_234' title='bbox 639 2552 699 2591; x_wconf 92' lang='lat' dir='ltr'><strong>non</strong></span> <span class='ocrx_word' id='word_1_235' title='bbox 726 2532 912 2592; x_wconf 88' lang='lat' dir='ltr'><strong>discederent</strong></span> <span class='ocrx_word' id='word_1_236' title='bbox 939 2554 977 2591; x_wconf 90' lang='lat' dir='ltr'><strong>an</strong></span> <span class='ocrx_word' id='word_1_237' title='bbox 1005 2533 1146 2592; x_wconf 88' lang='lat' dir='ltr'><strong>dissolute</strong></span> <span class='ocrx_word' id='word_1_238' title='bbox 1174 2533 1320 2606; x_wconf 87' lang='lat' dir='ltr'><strong>viverent,</strong></span> 
     </span>
     <span class='ocr_line' id='line_1_27' title="bbox 190 2619 1394 2698; baseline 0.001 -19"><span class='ocrx_word' id='word_1_239' title='bbox 190 2619 368 2698; x_wconf 87' lang='lat' dir='ltr'><strong>saepissime</strong></span> <span class='ocrx_word' id='word_1_240' title='bbox 383 2640 480 2696; x_wconf 90' lang='lat' dir='ltr'><strong>neque</strong></span> <span class='ocrx_word' id='word_1_241' title='bbox 500 2621 531 2679; x_wconf 92' lang='lat' dir='ltr'><strong>in</strong></span> <span class='ocrx_word' id='word_1_242' title='bbox 548 2619 696 2680; x_wconf 84' lang='lat' dir='ltr'><strong>abbatum</strong></span> <span class='ocrx_word' id='word_1_243' title='bbox 718 2626 867 2698; x_wconf 88' lang='lat' dir='ltr'><strong>potestate</strong></span> <span class='ocrx_word' id='word_1_244' title='bbox 890 2629 955 2681; x_wconf 87' lang='lat' dir='ltr'><strong>erat</strong></span> <span class='ocrx_word' id='word_1_245' title='bbox 978 2622 1137 2681; x_wconf 88' lang='lat' dir='ltr'><strong>monachos</strong></span> <span class='ocrx_word' id='word_1_246' title='bbox 1159 2622 1191 2680; x_wconf 92' lang='lat' dir='ltr'><strong>in</strong></span> <span class='ocrx_word' id='word_1_247' title='bbox 1215 2620 1321 2681; x_wconf 87' lang='lat' dir='ltr'><strong>officiis</strong></span> <span class='ocrx_word' id='word_1_248' title='bbox 1392 2625 1394 2628; x_wconf 48' lang='lat'><strong>⁴</strong></span> 
     </span>
     <span class='ocr_line' id='line_1_28' title="bbox 198 2707 1320 2787; baseline 0.001 -20"><span class='ocrx_word' id='word_1_249' title='bbox 198 2707 354 2770; x_wconf 86' lang='lat' dir='ltr'><strong>continere.</strong></span> <span class='ocrx_word' id='word_1_250' title='bbox 393 2708 507 2769; x_wconf 82' lang='lat' dir='ltr'><strong>Contra</strong></span> <span class='ocrx_word' id='word_1_251' title='bbox 529 2710 561 2768; x_wconf 90' lang='lat' dir='ltr'><strong>in</strong></span> <span class='ocrx_word' id='word_1_252' title='bbox 583 2710 770 2769; x_wconf 85' lang='lat' dir='ltr'><strong>monasteriis</strong></span> <span class='ocrx_word' id='word_1_253' title='bbox 793 2710 973 2771; x_wconf 83' lang='lat' dir='ltr'><strong>aGolumba</strong></span> <span class='ocrx_word' id='word_1_254' title='bbox 996 2714 1119 2787; x_wconf 84' lang='lat' dir='ltr'><strong>ejusque</strong></span> <span class='ocrx_word' id='word_1_255' title='bbox 1142 2710 1228 2769; x_wconf 87' lang='lat' dir='ltr'><strong>sociis</strong></span> <span class='ocrx_word' id='word_1_256' title='bbox 1252 2730 1320 2768; x_wconf 89' lang='lat' dir='ltr'><strong>con·</strong></span> 
     </span>
     <span class='ocr_line' id='line_1_29' title="bbox 198 2791 1321 2878; baseline -0.001 -21"><span class='ocrx_word' id='word_1_257' title='bbox 198 2797 268 2858; x_wconf 90' lang='lat' dir='ltr'><strong>ditis</strong></span> <span class='ocrx_word' id='word_1_258' title='bbox 298 2797 441 2876; x_wconf 88' lang='lat' dir='ltr'><strong>optimam</strong></span> <span class='ocrx_word' id='word_1_259' title='bbox 471 2791 637 2859; x_wconf 85' lang='lat' dir='ltr'><strong>invenimus</strong></span> <span class='ocrx_word' id='word_1_260' title='bbox 667 2799 863 2878; x_wconf 87' lang='lat' dir='ltr'><strong>disciplinam.</strong></span> <span class='ocrx_word' id='word_1_261' title='bbox 915 2800 954 2858; x_wconf 93' lang='lat' dir='ltr'><strong>In</strong></span> <span class='ocrx_word' id='word_1_262' title='bbox 984 2801 1039 2859; x_wconf 94' lang='lat' dir='ltr'><strong>hoc</strong></span> <span class='ocrx_word' id='word_1_263' title='bbox 1073 2819 1144 2876; x_wconf 89' lang='lat' dir='ltr'><strong>ergo</strong></span> <span class='ocrx_word' id='word_1_264' title='bbox 1179 2798 1321 2858; x_wconf 90' lang='lat' dir='ltr'><strong>simillimi</strong></span> 
     </span>
     <span class='ocr_line' id='line_1_30' title="bbox 198 2887 1321 2965; baseline -0.001 -19"><span class='ocrx_word' id='word_1_265' title='bbox 198 2893 268 2946; x_wconf 90' lang='lat' dir='ltr'><strong>sunt</strong></span> <span class='ocrx_word' id='word_1_266' title='bbox 291 2887 370 2946; x_wconf 92' lang='lat' dir='ltr'><strong>inter</strong></span> <span class='ocrx_word' id='word_1_267' title='bbox 393 2908 424 2947; x_wconf 89' lang='lat' dir='ltr'><strong>se</strong></span> <span class='ocrx_word' id='word_1_268' title='bbox 448 2887 592 2947; x_wconf 79' lang='lat' dir='ltr'><strong>Columba</strong></span> <span class='ocrx_word' id='word_1_269' title='bbox 616 2893 647 2946; x_wconf 89' lang='lat' dir='ltr'><strong>et</strong></span> <span class='ocrx_word' id='word_1_270' title='bbox 669 2887 851 2947; x_wconf 91' lang='lat' dir='ltr'><strong>Benedictus</strong></span> <span class='ocrx_word' id='word_1_271' title='bbox 875 2888 1068 2961; x_wconf 84' lang='lat' dir='ltr'><strong>Cassinensis,</strong></span> <span class='ocrx_word' id='word_1_272' title='bbox 1092 2887 1171 2965; x_wconf 92' lang='lat' dir='ltr'><strong>quod</strong></span> <span class='ocrx_word' id='word_1_273' title='bbox 1193 2894 1321 2963; x_wconf 90' lang='lat' dir='ltr'><strong>uterque</strong></span> 
     </span>
     <span class='ocr_line' id='line_1_31' title="bbox 197 2975 1321 3054; baseline 0.003 -22"><span class='ocrx_word' id='word_1_274' title='bbox 197 2975 334 3034; x_wconf 87' lang='lat' dir='ltr'><strong>licentiae</strong></span> <span class='ocrx_word' id='word_1_275' title='bbox 350 2978 560 3035; x_wconf 90' lang='lat' dir='ltr'><strong>monachorum</strong></span> <span class='ocrx_word' id='word_1_276' title='bbox 575 2976 713 3036; x_wconf 88' lang='lat' dir='ltr'><strong>arctioris</strong></span> <span class='ocrx_word' id='word_1_277' title='bbox 728 2976 901 3054; x_wconf 89' lang='lat' dir='ltr'><strong>disciplinae</strong></span> <span class='ocrx_word' id='word_1_278' title='bbox 919 2978 1018 3036; x_wconf 87' lang='lat' dir='ltr'><strong>frenos</strong></span> <span class='ocrx_word' id='word_1_279' title='bbox 1041 2976 1182 3036; x_wconf 88' lang='lat' dir='ltr'><strong>adhibere</strong></span> <span class='ocrx_word' id='word_1_280' title='bbox 1198 2976 1321 3036; x_wconf 88' lang='lat' dir='ltr'><strong>studuit.</strong></span> 
     </span>
     <span class='ocr_line' id='line_1_32' title="bbox 199 3063 1321 3138; baseline 0.002 -16"><span class='ocrx_word' id='word_1_281' title='bbox 199 3063 354 3138; x_wconf 76' lang='lat' dir='ltr'><strong>Quomodo</strong></span> <span class='ocrx_word' id='word_1_282' title='bbox 377 3065 458 3123; x_wconf 88' lang='lat' dir='ltr'><strong>inter</strong></span> <span class='ocrx_word' id='word_1_283' title='bbox 481 3085 511 3124; x_wconf 89' lang='lat' dir='ltr'><strong>se</strong></span> <span class='ocrx_word' id='word_1_284' title='bbox 534 3063 675 3125; x_wconf 80' lang='lat' dir='ltr'><strong>differant</strong></span> <span class='ocrx_word' id='word_1_285' title='bbox 690 3064 836 3125; x_wconf 84' lang='lat' dir='ltr'><strong>Columba</strong></span> <span class='ocrx_word' id='word_1_286' title='bbox 856 3072 887 3125; x_wconf 89' lang='lat' dir='ltr'><strong>et</strong></span> <span class='ocrx_word' id='word_1_287' title='bbox 902 3065 1093 3138; x_wconf 90' lang='lat' dir='ltr'><strong>Benedictus,</strong></span> <span class='ocrx_word' id='word_1_288' title='bbox 1116 3071 1180 3124; x_wconf 90' lang='lat' dir='ltr'><strong>tum</strong></span> <span class='ocrx_word' id='word_1_289' title='bbox 1203 3064 1321 3124; x_wconf 88' lang='lat' dir='ltr'><strong>demum</strong></span> 
     </span>
     <span class='ocr_line' id='line_1_33' title="bbox 199 3153 1231 3234; baseline 0.002 -23"><span class='ocrx_word' id='word_1_290' title='bbox 199 3171 424 3229; x_wconf 84' lang='lat' dir='ltr'><strong>cognoscemus,</strong></span> <span class='ocrx_word' id='word_1_291' title='bbox 448 3154 473 3212; x_wconf 88' lang='lat' dir='ltr'><strong>si</strong></span> <span class='ocrx_word' id='word_1_292' title='bbox 496 3153 585 3231; x_wconf 90' lang='lat' dir='ltr'><strong>hujus</strong></span> <span class='ocrx_word' id='word_1_293' title='bbox 608 3155 741 3231; x_wconf 90' lang='lat' dir='ltr'><strong>regulam</strong></span> <span class='ocrx_word' id='word_1_294' title='bbox 765 3175 831 3214; x_wconf 89' lang='lat' dir='ltr'><strong>oum</strong></span> <span class='ocrx_word' id='word_1_295' title='bbox 854 3154 933 3214; x_wconf 89' lang='lat' dir='ltr'><strong>illius</strong></span> <span class='ocrx_word' id='word_1_296' title='bbox 956 3155 1231 3234; x_wconf 89' lang='lat' dir='ltr'><strong>comparaverimus.</strong></span> 
     </span>
    </p>

    <p class='ocr_par' dir='ltr' id='par_1_5' title="bbox 192 3239 1337 4387">
     <span class='ocr_line' id='line_1_34' title="bbox 289 3239 1322 3320; baseline 0.004 -21"><span class='ocrx_word' id='word_1_297' title='bbox 289 3239 349 3299; x_wconf 85' lang='lat' dir='ltr'><strong>Sed</strong></span> <span class='ocrx_word' id='word_1_298' title='bbox 373 3262 449 3319; x_wconf 91' lang='lat' dir='ltr'><strong>quae</strong></span> <span class='ocrx_word' id='word_1_299' title='bbox 480 3248 525 3301; x_wconf 91' lang='lat' dir='ltr'><strong>est</strong></span> <span class='ocrx_word' id='word_1_300' title='bbox 548 3242 711 3302; x_wconf 85' lang='lat' dir='ltr'><strong>Columbae</strong></span> <span class='ocrx_word' id='word_1_301' title='bbox 740 3244 863 3320; x_wconf 79' lang='lat' dir='ltr'><strong>regula?</strong></span> <span class='ocrx_word' id='word_1_302' title='bbox 898 3245 993 3302; x_wconf 81' lang='lat' dir='ltr'><strong>Estne</strong></span> <span class='ocrx_word' id='word_1_303' title='bbox 1023 3245 1087 3317; x_wconf 90' lang='lat' dir='ltr'><strong>illa,</strong></span> <span class='ocrx_word' id='word_1_304' title='bbox 1117 3264 1194 3320; x_wconf 90' lang='lat' dir='ltr'><strong>quae</strong></span> <span class='ocrx_word' id='word_1_305' title='bbox 1224 3249 1322 3303; x_wconf 86' lang='lat' dir='ltr'><strong>exstat</strong></span> 
     </span>
     <span class='ocr_line' id='line_1_35' title="bbox 199 3330 1321 3410; baseline -0.001 -20"><span class='ocrx_word' id='word_1_306' title='bbox 199 3331 279 3410; x_wconf 86' lang='lat' dir='ltr'><strong>apud</strong></span> <span class='ocrx_word' id='word_1_307' title='bbox 293 3330 481 3409; x_wconf 78' lang='lat' dir='ltr'><strong>Flemingum</strong></span> <span class='ocrx_word' id='word_1_308' title='bbox 496 3352 527 3409; x_wconf 89' lang='lat' dir='ltr'><strong>p.</strong></span> <span class='ocrx_word' id='word_1_309' title='bbox 545 3332 632 3390; x_wconf 86' lang='lat'><strong>4-8</strong></span> <span class='ocrx_word' id='word_1_310' title='bbox 649 3339 679 3391; x_wconf 89' lang='lat' dir='ltr'><strong>et</strong></span> <span class='ocrx_word' id='word_1_311' title='bbox 695 3332 726 3389; x_wconf 91' lang='lat' dir='ltr'><strong>in</strong></span> <span class='ocrx_word' id='word_1_312' title='bbox 741 3330 929 3391; x_wconf 89' lang='lat' dir='ltr'><strong>Bibliotheca</strong></span> <span class='ocrx_word' id='word_1_313' title='bbox 944 3334 1073 3391; x_wconf 83' lang='lat' dir='ltr'><strong>maxima</strong></span> <span class='ocrx_word' id='word_1_314' title='bbox 1087 3332 1164 3404; x_wconf 89' lang='lat' dir='ltr'><strong>XII,</strong></span> <span class='ocrx_word' id='word_1_315' title='bbox 1180 3353 1209 3410; x_wconf 89' lang='lat' dir='ltr'><strong>p.</strong></span> <span class='ocrx_word' id='word_1_316' title='bbox 1226 3330 1321 3405; x_wconf 84' lang='lat'><strong>3-5,</strong></span> 
     </span>
     <span class='ocr_line' id='line_1_36' title="bbox 198 3419 1322 3497; baseline 0.001 -19"><span class='ocrx_word' id='word_1_317' title='bbox 198 3421 250 3497; x_wconf 88' lang='lat' dir='ltr'><strong>pia</strong></span> <span class='ocrx_word' id='word_1_318' title='bbox 273 3420 309 3478; x_wconf 91' lang='lat' dir='ltr'><strong>de</strong></span> <span class='ocrx_word' id='word_1_319' title='bbox 332 3421 544 3479; x_wconf 90' lang='lat' dir='ltr'><strong>monachorum</strong></span> <span class='ocrx_word' id='word_1_320' title='bbox 567 3420 672 3480; x_wconf 83' lang='lat' dir='ltr'><strong>officiis</strong></span> <span class='ocrx_word' id='word_1_321' title='bbox 695 3419 915 3494; x_wconf 88' lang='lat' dir='ltr'><strong>commentatio,</strong></span> <span class='ocrx_word' id='word_1_322' title='bbox 939 3421 970 3479; x_wconf 94' lang='lat' dir='ltr'><strong>in</strong></span> <span class='ocrx_word' id='word_1_323' title='bbox 995 3441 1053 3497; x_wconf 86' lang='lat' dir='ltr'><strong>qua</strong></span> <span class='ocrx_word' id='word_1_324' title='bbox 1076 3455 1120 3464; x_wconf 92' lang='lat'>-</span> <span class='ocrx_word' id='word_1_325' title='bbox 1143 3420 1249 3480; x_wconf 91' lang='lat' dir='ltr'><strong>omisso</strong></span> <span class='ocrx_word' id='word_1_326' title='bbox 1274 3441 1322 3479; x_wconf 90' lang='lat' dir='ltr'><strong>ca·</strong></span> 
     </span>
     <span class='ocr_line' id='line_1_37' title="bbox 198 3507 1325 3589; baseline 0.003 -23"><span class='ocrx_word' id='word_1_327' title='bbox 198 3508 262 3587; x_wconf 88' lang='lat' dir='ltr'><strong>pite</strong></span> <span class='ocrx_word' id='word_1_328' title='bbox 285 3510 411 3586; x_wconf 91' lang='lat' dir='ltr'><strong>septimo</strong></span> <span class='ocrx_word' id='word_1_329' title='bbox 435 3509 515 3586; x_wconf 90' lang='lat' dir='ltr'><strong>quod</strong></span> <span class='ocrx_word' id='word_1_330' title='bbox 539 3516 616 3569; x_wconf 88' lang='lat' dir='ltr'><strong>teste</strong></span> <span class='ocrx_word' id='word_1_331' title='bbox 641 3512 703 3585; x_wconf 90' lang='lat' dir='ltr'><strong>jam</strong></span> <span class='ocrx_word' id='word_1_332' title='bbox 727 3509 820 3589; x_wconf 89' lang='lat' dir='ltr'><strong>ipsius</strong></span> <span class='ocrx_word' id='word_1_333' title='bbox 849 3510 955 3586; x_wconf 89' lang='lat' dir='ltr'><strong>capitis</strong></span> <span class='ocrx_word' id='word_1_334' title='bbox 983 3509 1104 3569; x_wconf 85' lang='lat' dir='ltr'><strong>exordio</strong></span> <span class='ocrx_word' id='word_1_335' title='bbox 1131 3508 1190 3581; x_wconf 85' lang='lat' dir='ltr'><strong>„de</strong></span> <span class='ocrx_word' id='word_1_336' title='bbox 1217 3507 1325 3589; x_wconf 64' lang='lat' dir='ltr'><strong>symm</strong></span> 
     </span>
     <span class='ocr_line' id='line_1_38' title="bbox 192 3597 1320 3677; baseline 0.001 -22"><span class='ocrx_word' id='word_1_337' title='bbox 192 3603 307 3676; x_wconf 73' lang='lat' dir='ltr'><strong>-erpo“</strong></span> <span class='ocrx_word' id='word_1_338' title='bbox 330 3599 449 3657; x_wconf 88' lang='lat' dir='ltr'><strong>aliunde</strong></span> <span class='ocrx_word' id='word_1_339' title='bbox 472 3607 625 3677; x_wconf 88' lang='lat' dir='ltr'><strong>receptum</strong></span> <span class='ocrx_word' id='word_1_340' title='bbox 648 3603 694 3657; x_wconf 90' lang='lat' dir='ltr'><strong>est</strong></span> <span class='ocrx_word' id='word_1_341' title='bbox 716 3597 855 3674; x_wconf 82' lang='lat' dir='ltr'><strong>(Schoell,</strong></span> <span class='ocrx_word' id='word_1_342' title='bbox 879 3620 907 3677; x_wconf 93' lang='lat' dir='ltr'><strong>p.</strong></span> <span class='ocrx_word' id='word_1_343' title='bbox 925 3599 976 3671; x_wconf 83' lang='lat'><strong>59,</strong></span> <span class='ocrx_word' id='word_1_344' title='bbox 998 3599 1136 3676; x_wconf 88' lang='lat' dir='ltr'><strong>Laening</strong></span> <span class='ocrx_word' id='word_1_345' title='bbox 1151 3598 1194 3672; x_wconf 92' lang='lat' dir='ltr'><strong>II,</strong></span> <span class='ocrx_word' id='word_1_346' title='bbox 1210 3620 1239 3676; x_wconf 91' lang='lat' dir='ltr'><strong>p.</strong></span> <span class='ocrx_word' id='word_1_347' title='bbox 1256 3598 1320 3656; x_wconf 86' lang='lat'><strong>431</strong></span> 
     </span>
     <span class='ocr_line' id='line_1_39' title="bbox 200 3678 1337 3764; baseline 0 -19"><span class='ocrx_word' id='word_1_348' title='bbox 200 3692 261 3745; x_wconf 91' lang='lat' dir='ltr'><strong>not.</strong></span> <span class='ocrx_word' id='word_1_349' title='bbox 285 3686 318 3761; x_wconf 88' lang='grc'><strong>4)</strong></span> <span class='ocrx_word' id='word_1_350' title='bbox 342 3707 438 3763; x_wconf 91' lang='lat' dir='ltr'><strong>neque</strong></span> <span class='ocrx_word' id='word_1_351' title='bbox 460 3687 614 3748; x_wconf 89' lang='lat' dir='ltr'><strong>invenitur</strong></span> <span class='ocrx_word' id='word_1_352' title='bbox 636 3689 668 3746; x_wconf 94' lang='lat' dir='ltr'><strong>in</strong></span> <span class='ocrx_word' id='word_1_353' title='bbox 691 3688 787 3748; x_wconf 89' lang='lat' dir='ltr'><strong>tribus</strong></span> <span class='ocrx_word' id='word_1_354' title='bbox 811 3687 961 3747; x_wconf 87' lang='lat' dir='ltr'><strong>codicibus</strong></span> <span class='ocrx_word' id='word_1_355' title='bbox 985 3687 1144 3764; x_wconf 81' lang='lat' dir='ltr'><strong>(Bleming,</strong></span> <span class='ocrx_word' id='word_1_356' title='bbox 1167 3693 1267 3746; x_wconf 92' lang='lat' dir='ltr'><strong>annot.</strong></span> <span class='ocrx_word' id='word_1_357' title='bbox 1291 3678 1337 3745; x_wconf 35' lang='lat' dir='ltr'><strong>in*</strong></span> 
     </span>
     <span class='ocr_line' id='line_1_40' title="bbox 201 3773 1324 3855; baseline 0.001 -22"><span class='ocrx_word' id='word_1_358' title='bbox 201 3795 225 3833; x_wconf 89' lang='lat' dir='ltr'><strong>c.</strong></span> <span class='ocrx_word' id='word_1_359' title='bbox 248 3773 321 3847; x_wconf 87' lang='lat' dir='ltr'><strong>VII,</strong></span> <span class='ocrx_word' id='word_1_360' title='bbox 345 3796 374 3853; x_wconf 92' lang='lat' dir='ltr'><strong>p.</strong></span> <span class='ocrx_word' id='word_1_361' title='bbox 394 3775 447 3852; x_wconf 88' lang='lat'><strong>15)</strong></span> <span class='ocrx_word' id='word_1_362' title='bbox 474 3811 511 3820; x_wconf 87' lang='lat'><em>-</em></span> <span class='ocrx_word' id='word_1_363' title='bbox 537 3777 580 3835; x_wconf 93' lang='lat' dir='ltr'><strong>nil</strong></span> <span class='ocrx_word' id='word_1_364' title='bbox 605 3777 689 3849; x_wconf 90' lang='lat' dir='ltr'><strong>inest,</strong></span> <span class='ocrx_word' id='word_1_365' title='bbox 712 3777 792 3853; x_wconf 91' lang='lat' dir='ltr'><strong>quod</strong></span> <span class='ocrx_word' id='word_1_366' title='bbox 815 3778 936 3854; x_wconf 88' lang='lat' dir='ltr'><strong>regulae</strong></span> <span class='ocrx_word' id='word_1_367' title='bbox 960 3777 1086 3855; x_wconf 88' lang='lat' dir='ltr'><strong>speciem</strong></span> <span class='ocrx_word' id='word_1_368' title='bbox 1108 3775 1260 3855; x_wconf 89' lang='lat' dir='ltr'><strong>praebeat,</strong></span> <span class='ocrx_word' id='word_1_369' title='bbox 1284 3796 1324 3834; x_wconf 90' lang='lat' dir='ltr'><strong>an</strong></span> 
     </span>
     <span class='ocr_line' id='line_1_41' title="bbox 193 3861 1323 3945; baseline 0.002 -23"><span class='ocrx_word' id='word_1_370' title='bbox 193 3863 407 3940; x_wconf 84' lang='lat' dir='ltr'><strong>conjungenda</strong></span> <span class='ocrx_word' id='word_1_371' title='bbox 436 3871 482 3923; x_wconf 90' lang='lat' dir='ltr'><strong>est</strong></span> <span class='ocrx_word' id='word_1_372' title='bbox 516 3885 582 3923; x_wconf 91' lang='lat' dir='ltr'><strong>cum</strong></span> <span class='ocrx_word' id='word_1_373' title='bbox 618 3887 652 3924; x_wconf 87' lang='lat' dir='ltr'><strong>ea</strong></span> <span class='ocrx_word' id='word_1_374' title='bbox 688 3866 802 3925; x_wconf 30' lang='lat' dir='ltr'><strong>altera.-</strong></span> <span class='ocrx_word' id='word_1_375' title='bbox 815 3866 868 3925; x_wconf 90' lang='lat' dir='ltr'><strong>illa</strong></span> <span class='ocrx_word' id='word_1_376' title='bbox 900 3863 1003 3945; x_wconf 78' lang='lat' dir='ltr'><strong>rapula</strong></span> <span class='ocrx_word' id='word_1_377' title='bbox 1036 3861 1209 3925; x_wconf 79' lang='lat' dir='ltr'><strong>coenobialis</strong></span> <span class='ocrx_word' id='word_1_378' title='bbox 1242 3864 1323 3942; x_wconf 89' lang='lat' dir='ltr'><strong>apud</strong></span> 
     </span>
     <span class='ocr_line' id='line_1_42' title="bbox 200 3952 1323 4032; baseline -0.001 -21"><span class='ocrx_word' id='word_1_379' title='bbox 200 3952 389 4030; x_wconf 82' lang='lat' dir='ltr'><strong>Flemingum</strong></span> <span class='ocrx_word' id='word_1_380' title='bbox 412 3974 440 4030; x_wconf 91' lang='lat' dir='ltr'><strong>p.</strong></span> <span class='ocrx_word' id='word_1_381' title='bbox 460 3953 590 4012; x_wconf 72' lang='lat'>19-24</span> <span class='ocrx_word' id='word_1_382' title='bbox 615 3961 644 4013; x_wconf 92' lang='lat' dir='ltr'><strong>et</strong></span> <span class='ocrx_word' id='word_1_383' title='bbox 667 3954 747 4014; x_wconf 92' lang='lat' dir='ltr'><strong>Bibl.</strong></span> <span class='ocrx_word' id='word_1_384' title='bbox 770 3975 839 4013; x_wconf 87' lang='lat' dir='ltr'><strong>max</strong></span> <span class='ocrx_word' id='word_1_385' title='bbox 862 3954 939 4026; x_wconf 89' lang='lat' dir='ltr'><strong>XII,</strong></span> <span class='ocrx_word' id='word_1_386' title='bbox 962 3975 991 4032; x_wconf 89' lang='lat' dir='ltr'><strong>p.</strong></span> <span class='ocrx_word' id='word_1_387' title='bbox 1017 3956 1115 4030; x_wconf 78' lang='lat' dir='ltr'><strong>sssqq.</strong></span> <span class='ocrx_word' id='word_1_388' title='bbox 1140 3960 1170 4012; x_wconf 88' lang='lat' dir='ltr'><strong>et</strong></span> <span class='ocrx_word' id='word_1_389' title='bbox 1193 3954 1225 4011; x_wconf 92' lang='lat' dir='ltr'><strong>in</strong></span> <span class='ocrx_word' id='word_1_390' title='bbox 1248 3953 1323 4012; x_wconf 89' lang='lat' dir='ltr'><strong>Hol-</strong></span> 
     </span>
     <span class='ocr_line' id='line_1_43' title="bbox 200 4040 1324 4121; baseline 0.002 -21"><span class='ocrx_word' id='word_1_391' title='bbox 200 4041 290 4100; x_wconf 89' lang='lat' dir='ltr'><strong>stenii</strong></span> <span class='ocrx_word' id='word_1_392' title='bbox 313 4041 376 4101; x_wconf 92' lang='lat' dir='ltr'><strong>cod.</strong></span> <span class='ocrx_word' id='word_1_393' title='bbox 399 4043 492 4118; x_wconf 84' lang='lat' dir='ltr'><strong>regul.</strong></span> <span class='ocrx_word' id='word_1_394' title='bbox 516 4050 586 4104; x_wconf 83' lang='lat' dir='ltr'><strong>tom.</strong></span> <span class='ocrx_word' id='word_1_395' title='bbox 609 4042 653 4116; x_wconf 89' lang='lat' dir='ltr'><strong>II,</strong></span> <span class='ocrx_word' id='word_1_396' title='bbox 676 4064 705 4121; x_wconf 95' lang='lat' dir='ltr'><strong>p.</strong></span> <span class='ocrx_word' id='word_1_397' title='bbox 725 4044 788 4102; x_wconf 85' lang='grc'><strong>164</strong></span> <span class='ocrx_word' id='word_1_398' title='bbox 804 4061 873 4120; x_wconf 86' lang='lat' dir='ltr'><strong>sqq.</strong></span> <span class='ocrx_word' id='word_1_399' title='bbox 892 4043 972 4121; x_wconf 89' lang='lat' dir='ltr'><strong>typis</strong></span> <span class='ocrx_word' id='word_1_400' title='bbox 1002 4043 1156 4120; x_wconf 89' lang='lat' dir='ltr'><strong>impressa,</strong></span> <span class='ocrx_word' id='word_1_401' title='bbox 1188 4062 1263 4120; x_wconf 89' lang='lat' dir='ltr'><strong>quae</strong></span> <span class='ocrx_word' id='word_1_402' title='bbox 1287 4040 1324 4102; x_wconf 79' lang='lat' dir='ltr'><strong>de</strong></span> 
     </span>
     <span class='ocr_line' id='line_1_44' title="bbox 201 4128 1323 4211; baseline 0 -21"><span class='ocrx_word' id='word_1_403' title='bbox 201 4128 354 4191; x_wconf 69' lang='lat' dir='ltr'><strong>cotidianas</strong></span> <span class='ocrx_word' id='word_1_404' title='bbox 381 4129 560 4211; x_wconf 73' lang='lat' dir='ltr'><strong>prenderaiis</strong></span> <span class='ocrx_word' id='word_1_405' title='bbox 589 4129 801 4192; x_wconf 72' lang='lat' dir='ltr'><strong>monacharum</strong></span> <span class='ocrx_word' id='word_1_406' title='bbox 829 4133 954 4209; x_wconf 89' lang='lat' dir='ltr'><strong>loquens</strong></span> <span class='ocrx_word' id='word_1_407' title='bbox 984 4136 1045 4190; x_wconf 87' lang='lat' dir='ltr'><strong>tam</strong></span> <span class='ocrx_word' id='word_1_408' title='bbox 1077 4152 1183 4208; x_wconf 89' lang='lat' dir='ltr'><strong>graves</strong></span> <span class='ocrx_word' id='word_1_409' title='bbox 1212 4150 1323 4209; x_wconf 88' lang='lat' dir='ltr'><strong>poenes</strong></span> 
     </span>
     <span class='ocr_line' id='line_1_45' title="bbox 202 4219 1323 4298; baseline -0.002 -20"><span class='ocrx_word' id='word_1_410' title='bbox 202 4219 369 4293; x_wconf 87' lang='lat' dir='ltr'><strong>constituit,</strong></span> <span class='ocrx_word' id='word_1_411' title='bbox 403 4225 439 4278; x_wconf 92' lang='lat' dir='ltr'><strong>ut</strong></span> <span class='ocrx_word' id='word_1_412' title='bbox 469 4240 533 4279; x_wconf 90' lang='lat' dir='ltr'><strong>eam</strong></span> <span class='ocrx_word' id='word_1_413' title='bbox 562 4241 667 4281; x_wconf 89' lang='lat' dir='ltr'><strong>revera</strong></span> <span class='ocrx_word' id='word_1_414' title='bbox 697 4221 829 4298; x_wconf 89' lang='lat' dir='ltr'><strong>regulam</strong></span> <span class='ocrx_word' id='word_1_415' title='bbox 861 4240 984 4298; x_wconf 87' lang='lat' dir='ltr'><strong>eamque</strong></span> <span class='ocrx_word' id='word_1_416' title='bbox 1015 4220 1230 4280; x_wconf 89' lang='lat' dir='ltr'><strong>severissimam</strong></span> <span class='ocrx_word' id='word_1_417' title='bbox 1260 4239 1323 4278; x_wconf 89' lang='lat' dir='ltr'><strong>esse</strong></span> 
     </span>
     <span class='ocr_line' id='line_1_46' title="bbox 202 4308 1324 4387; baseline -0.001 -20"><span class='ocrx_word' id='word_1_418' title='bbox 202 4329 287 4369; x_wconf 90' lang='lat' dir='ltr'><strong>nemo</strong></span> <span class='ocrx_word' id='word_1_419' title='bbox 310 4329 420 4386; x_wconf 86' lang='lat' dir='ltr'><strong>negare</strong></span> <span class='ocrx_word' id='word_1_420' title='bbox 443 4308 558 4386; x_wconf 81' lang='lat' dir='ltr'><strong>possit?</strong></span> <span class='ocrx_word' id='word_1_421' title='bbox 586 4309 741 4369; x_wconf 84' lang='lat' dir='ltr'><strong>Bbrardus</strong></span> <span class='ocrx_word' id='word_1_422' title='bbox 764 4312 805 4387; x_wconf 90' lang='lat' dir='ltr'><strong>(p.</strong></span> <span class='ocrx_word' id='word_1_423' title='bbox 826 4309 893 4368; x_wconf 85' lang='grc'><strong>147</strong></span> <span class='ocrx_word' id='word_1_424' title='bbox 911 4312 987 4386; x_wconf 83' lang='lat' dir='ltr'><strong>sqq.)</strong></span> <span class='ocrx_word' id='word_1_425' title='bbox 1011 4312 1122 4384; x_wconf 82' lang='lat' dir='ltr'><strong>rejecta</strong></span> <span class='ocrx_word' id='word_1_426' title='bbox 1144 4310 1199 4368; x_wconf 88' lang='lat' dir='ltr'><strong>hac</strong></span> <span class='ocrx_word' id='word_1_427' title='bbox 1221 4309 1324 4384; x_wconf 86' lang='lat' dir='ltr'><strong>regula</strong></span> 
     </span>
    </p>
   </div>
   <div class='ocr_carea' id='block_1_3' title="bbox 0 0 1527 4920">
    <p class='ocr_par' dir='ltr' id='par_1_6' title="bbox 0 0 1527 4920">
     <span class='ocr_line' id='line_1_47' title="bbox 0 0 1527 4920; baseline 0 0"><span class='ocrx_word' id='word_1_428' title='bbox 0 0 1527 4920; x_wconf 95' lang='lat' dir='ltr'><strong> </strong></span> 
     </span>
    </p>
   </div>
  </div>
 </body>
</html>
