3024 4920
653 189 869 247 ..10-

199 363 347 424 ommuni
367 364 498 426 mucium
519 362 648 448 jadau,
680 376 711 427 ut
733 366 929 428 scateam
946 366 1076 449 pusolwe
1090 367 1236 451 festivitas
1257 390 1316 430 urio

199 453 353 537 eodemque
375 453 422 514 die
444 453 641 516 celebraretur.

287 544 444 604 Accedunt
466 544 577 605 Hilarii
600 547 785 607 Pictarensis
808 547 900 607 verba
922 498 1043 607 haecce.
1078 544 1268 609 dilectissimis
1290 558 1317 610 ct

198 630 368 692 beatissimis
389 632 538 716 fraribus
560 643 586 696 et
608 635 782 718 coepiscopis
807 635 976 718 provinciae
1000 631 1176 699 Gammae
1200 637 1317 718 paruae

278 731 304 780 et
321 721 544 802 provinciarum
566 721 796 785 Britannicarum
818 723 960 806 epitomis
983 721 1131 787 Hilarius.
1155 762 1196 773 -
1214 771 1315 787 .....

196 809 361 891 prclulutus
383 833 449 872 sum
549 834 599 874 cos
622 823 647 874 el
669 810 843 875 illaesos‘ab
865 813 946 875 aaut
974 815 1104 896 conwpio
1134 815 1317 878 mamaea

197 897 345 961 lsoeresoos
361 901 522 981 perstitisse
544 904 593 978 (de
616 904 751 980 synodis,
774 903 940 980 Prolegom.
965 910 1003 963 et.
1026 907 1044 983 g
1069 907 1097 963 2.
1121 927 1168 985 op.
1192 905 1236 964 ed.
1259 906 1316 966 Be·

197 989 263 1051 ned.
286 990 311 1048 I.
334 1013 364 1069 p.
391 992 474 1049 1149
499 999 530 1051 et
555 993 653 1070 1151)
684 1000 715 1052 et
744 992 904 1053 Athanasii
934 992 972 1051 ad
998 993 1118 1054 Jovian.
1145 995 1216 1074 imp.
1240 997 1315 1073 (syn.

101 1156 103 1160 .
197 1100 242 1157 ep.
269 1101 326 1139 ecc.
355 1081 442 1139 Alex.
472 1103 498 1140 a.
526 1081 601 1141 dom.
631 1083 694 1142 303
723 1103 769 1160 cp.
798 1082 843 1141 ed.
870 1083 963 1142 Paris.
987 1082 1013 1154 Ι,
1040 1104 1069 1161 p.
1095 1084 1170 1157 781)
1194 1084 1315 1145 haecce:

277 1166 352 1229 bono
364 1169 461 1253 fldem
484 1180 585 1253 posces
607 1171 659 1254 qai
680 1168 811 1231 Nicaeae
838 1180 1026 1232 consutorum
1055 1171 1197 1254 confessos
1219 1172 1317 1254 fluisse

196 1277 314 1340 eumque
336 1257 477 1342 suffragio
500 1281 552 1320 suo
575 1259 764 1341 comprobare
785 1259 933 1321 uniuersos
955 1261 1040 1322 totius
1071 1260 1148 1322 orbis
1175 1259 1315 1336 eeclesias,

195 1367 299 1427 compe
315 1344 488 1430 Hispaniae,
513 1346 699 1422 Britanniae,
718 1345 836 1410 Galliac
851 1359 877 1410 ei
892 1394 899 1409 .
916 1395 923 1408 .
940 1395 947 1408 .
979 1352 1094 1425 Quibus
1117 1359 1236 1430 patrum
1252 1353 1315 1412 illo·

196 1458 261 1496 rum
284 1439 524 1513 orthodoxorum,
547 1446 652 1519 utpote
676 1440 728 1517 qui
750 1461 849 1499 rerum
870 1439 1111 1500 Britannicarum
1135 1462 1195 1500 non
1217 1443 1316 1520 ignari

195 1527 318 1602 fuerint,
346 1530 446 1588 verbis
469 1530 626 1589 maximam
649 1530 738 1588 fidem
761 1529 979 1606 adjungendam
1003 1550 1065 1590 esse
1088 1531 1157 1590 inde
1180 1538 1314 1610 apparet,

195 1617 274 1692 quod
297 1625 375 1677 teste
397 1619 463 1697 ipso
487 1620 653 1679 Athanasio
678 1640 754 1678 anno
773 1619 835 1678 347
854 1618 976 1678 concilio
998 1617 1166 1678 Sardicensi
1189 1622 1241 1697 (Η.
1257 1622 1316 1680 and

195 1705 240 1768 St.
265 1707 290 1766 Ι.
314 1729 342 1786 p.
368 1709 400 1783 8)
425 1715 455 1767 et
477 1714 553 1768 teste
576 1708 709 1786 Sulpicio
734 1707 843 1767 Severo
867 1727 944 1766 anno
969 1708 1032 1766 359
1057 1709 1179 1769 concilio
1203 1708 1314 1769 Arimi·

195 1797 279 1855 nensi
302 1797 355 1873 (H.
371 1797 430 1855 and
446 1796 490 1857 St.
506 1798 532 1870 I,
548 1819 577 1876 p.
596 1800 627 1876 9)
651 1798 787 1857 nonnulli
809 1797 973 1856 Britonum¹
991 1799 1122 1877 episcopi
1146 1799 1314 1859 adfuerunt.

194 1885 276 1963 Ergo
292 1887 476 1964 temporibus
492 1888 652 1956 Athanasii
676 1887 797 1950 ecclesia
820 1887 978 1946 Britonum
1002 1909 1020 1946 a
1043 1889 1246 1949 communione
1270 1911 1314 1949 ec·

195 1976 299 2035 clasiae
322 1976 484 2036 catholicae
507 1997 602 2055 neque
624 1977 682 2037 fide
705 1998 800 2055 neque
824 1977 954 2037 moribus
977 1977 1179 2040 dissentiebat.
1211 1978 1315 2039 Gildas

195 2066 288 2141 igitur
312 2064 392 2139 (hist.
409 2068 426 2144 ξ
445 2068 495 2125 12.
518 2089 546 2146 p.
567 2069 628 2144 19),
653 2088 740 2144 quem
764 2067 848 2126 Beda
871 2066 1006 2144 sequitur
1029 2066 1194 2142 (h.e.1,8
1216 2070 1313 2144 ξ22),

195 2174 260 2212 cum
276 2153 351 2212 dicit
364 2152 510 2213 Arianam
533 2155 686 2232 perfidiam
709 2155 906 2214 transmarina
928 2161 1096 2213 vomentem
1118 2175 1232 2213 venena
1255 2156 1313 2212 fra-

194 2251 255 2302 tres
277 2242 380 2302 fecisse
404 2245 528 2319 sejungi,
552 2243 670 2302 videtur
689 2264 751 2300 rem
768 2242 867 2301 verbis
882 2242 998 2300 auxisse
1015 2242 1063 2316 (cf.
1079 2242 1189 2318 Bright
1204 2263 1232 2320 p.
1252 2245 1313 2320 12).

283 2331 411 2410 Pelagiii
434 2338 532 2392 autem
556 2332 708 2391 doctrinae
732 2332 784 2408 qui
806 2333 950 2403 faverent,
974 2331 1075 2407 paullo
1098 2328 1167 2410 post
1187 2332 1218 2390 in
1245 2332 1311 2391 Bri·

193 2422 296 2481 tannia
318 2423 408 2480 fuisse
432 2422 595 2500 permultos
619 2421 828 2498 suspicandum
851 2424 978 2478 estnon
1001 2424 1063 2478 tam
1087 2421 1157 2497 quia
1172 2421 1313 2499 Pelagius

193 2511 313 2569 natione
335 2517 401 2570 erat
422 2511 509 2579 Brito
525 2546 569 2554 —
585 2531 653 2569 nam
677 2531 735 2569 non
759 2509 789 2567 in
812 2508 912 2586 patria
935 2530 987 2568 sua
1001 2509 1157 2587 Pelagium
1180 2511 1314 2571 docuisse

194 2607 311 2660 constat
334 2636 375 2644 -
400 2621 488 2678 quam
512 2620 549 2657 ex
571 2598 713 2676 Prosperi
736 2599 772 2657 de
796 2597 884 2657 misso
909 2597 1058 2657 Germano
1088 2600 1202 2672 verbis,
1237 2621 1313 2677 quae

193 2689 375 2767 Agricolam,
399 2688 600 2765 Pelagianum,
624 2686 785 2759 Severiani,
810 2687 941 2766 episcopi
964 2688 1128 2765 Pelagiani,
1150 2688 1245 2748 filium
1269 2711 1313 2748 ec-

196 2780 298 2839 clesias
313 2778 489 2837 Britanniae
512 2777 660 2853 dogmatis
682 2779 728 2836 sui
751 2776 951 2836 insinuatione
976 2777 1139 2855 corrupisse
1162 2785 1314 2838 testantur

194 2870 305 2946 (chron.
322 2890 348 2927 a.
365 2868 441 2926 dom.
466 2866 529 2924 429
554 2887 601 2945 op.
617 2866 643 2941 I,
661 2867 735 2925 401.
759 2865 861 2925 Schsll
875 2887 905 2944 p.
924 2867 979 2943 26)
1003 2867 1129 2943 denique
1153 2889 1189 2926 ex
1212 2869 1313 2927 libello

193 2960 254 3030 illo,
272 2978 358 3035 quem
374 2957 478 3016 iisdem
494 2958 555 3014 fere
570 2957 754 3033 temporibus
770 2956 929 3028 Fastidire,
946 2955 1066 3015 natione
1081 2955 1167 3015 Brito
1184 2963 1313 3016 testante

194 3046 358 3119 Gennadio,
382 3045 564 3122 Pelagianus
587 3052 663 3105 teste
685 3045 751 3123 ipso
775 3045 883 3116 libello,
908 3045 944 3103 de
967 3045 1029 3104 vita
1053 3045 1213 3105 christiana
1236 3067 1312 3106 com·

194 3136 293 3214 posuit
316 3135 428 3212 (Migne
452 3133 535 3193 Patr.
560 3135 610 3193 lat.
637 3134 686 3205 50,
712 3135 731 3190 2
756 3155 784 3211 p.
810 3134 872 3192 383
897 3154 961 3210 sqq.
992 3135 1027 3192 cf.
1051 3135 1259 3211 Wagenmann
1281 3136 1312 3194 in

193 3224 406 3302 Herzog-Plitt
420 3223 459 3284 R.
476 3223 511 3281 B.
528 3221 596 3282 Art.
613 3222 786 3298 Fastidius).
824 3223 912 3281 Hane
935 3222 1050 3300 Pelagii
1073 3223 1217 3284 haeresim
1238 3223 1312 3283 Ger-

193 3335 297 3373 manus
327 3313 441 3372 duobus
473 3313 629 3371 itineribus
657 3312 820 3371 eradicasse
844 3311 953 3371 dicitur
976 3312 1041 3388 (vit.
1066 3311 1166 3372 Germ.
1190 3313 1229 3371 H.
1253 3313 1312 3371 and

194 3404 237 3463 St.
261 3403 286 3475 I,
310 3425 338 3480 p.
366 3405 403 3460 16
429 3423 471 3478 sq.
500 3403 538 3460 18
563 3404 628 3478 sq.),
660 3401 827 3479 Prosperus
854 3406 952 3460 autem
980 3403 1017 3460 de
1041 3401 1208 3461 Caelestino
1232 3422 1312 3480 papa

193 3491 374 3551 Germanum
405 3492 541 3550 mittente
571 3511 631 3550 non
661 3491 748 3568 plura
776 3510 865 3567 quam
893 3490 965 3552 dccc
988 3487 1174 3561 Romanum,
1204 3490 1312 3568 inquit,

192 3577 318 3640 iamlam
340 3579 457 3640 studet
479 3599 594 3639 seroore
617 3576 788 3639 catholicum
811 3583 915 3654 (contr.
933 3580 1005 3640 Ooll.
1024 3581 1062 3636 21
1090 3599 1128 3657 op
1145 3579 1178 3654 .I,
1201 3602 1229 3658 p.
1250 3581 1310 3637 197

192 3671 232 3728 Η.
257 3669 315 3727 and
339 3668 382 3729 St.
406 3670 431 3741 I,
455 3691 482 3746 p.
509 3671 571 3746 16),
595 3669 696 3745 itaque
720 3669 841 3728 dubium
870 3677 930 3742 est,
965 3688 1035 3726 num
1064 3668 1149 3727 brevi
1179 3675 1312 3747 tempore

194 3759 348 3818 evanuerit
364 3759 394 3815 in
410 3758 569 3818 Britannia
590 3759 719 3818 haeresis
734 3758 906 3835 Pelagiana.
952 3757 1012 3817 Sed
1034 3759 1166 3835 profecto
1190 3758 1313 3816 dubium

194 3867 251 3905 non
276 3854 335 3919 est,
360 3848 431 3924 quin
459 3882 495 3892 —
523 3849 651 3920 omissis,
685 3869 761 3926 quae
785 3848 820 3906 de
844 3847 979 3906 doctrina
1002 3846 1117 3923 Pelagii
1141 3867 1312 3906 commemo·

193 3936 323 3995 ravimus
348 3943 378 3994 et
398 3939 465 4012 jure
489 3937 603 3997 omissis
627 3959 695 3996 nam
718 3958 811 4015 paene
834 3943 929 3995 totam
953 3935 1032 3994 illius
1056 3936 1197 4014 temporis
1221 3936 1311 3995 eccle·

193 4025 267 4083 siam
292 4024 424 4084 docuisse
449 4032 565 4086 constat
587 4027 642 4086 tali
664 4027 795 4100 ratione,
820 4045 895 4102 quae
918 4023 1034 4101 Pelagii
1058 4024 1209 4083 doctrinae
1232 4025 1311 4083 simi·

192 4114 249 4171 lior
271 4114 362 4173 fuerit
385 4136 473 4191 quam
497 4114 661 4192 Augustini
685 4151 728 4161 —
750 4114 909 4173 Britonum
933 4113 1068 4185 ecclesia,
1100 4113 1196 4189 quoad
1220 4114 1311 4192 impe·

193 4203 268 4261 rium
291 4202 457 4263 Romanum
481 4205 512 4263 in
535 4206 695 4265 Britannia
719 4203 874 4264 constabat
896 4202 915 4260 i.
939 4222 962 4259 e.
986 4223 1004 4260 a
1026 4200 1196 4279 primordiis
1219 4222 1313 4278 usque

194 4292 231 4354 ad
255 4313 364 4356 annum
389 4295 507 4356 circiter
531 4295 594 4352 450
618 4296 706 4376 plane
730 4292 894 4352 orthodoxa
917 4290 957 4352 sit
979 4289 1123 4349 habenda.
