<?xml version="1.0" encoding="UTF-8"?>
<!DOCTYPE html PUBLIC "-//W3C//DTD XHTML 1.0 Transitional//EN"
    "http://www.w3.org/TR/xhtml1/DTD/xhtml1-transitional.dtd">
<html xmlns="http://www.w3.org/1999/xhtml" xml:lang="en" lang="en">
 <head>
  <title>
</title>
<meta http-equiv="Content-Type" content="text/html;charset=utf-8" />
  <meta name='ocr-system' content='tesseract 3.04.00' />
  <meta name='ocr-capabilities' content='ocr_page ocr_carea ocr_par ocr_line ocrx_word'/>
</head>
<body>
  <div class='ocr_page' id='page_1' title='image "./antiquaebritonu00loofgoog_0042.png"; bbox 0 0 3024 4920; ppageno 0'>
   <div class='ocr_carea' id='block_1_1' title="bbox 637 225 860 288">
    <p class='ocr_par' dir='ltr' id='par_1_1' title="bbox 637 225 860 288">
     <span class='ocr_line' id='line_1_1' title="bbox 637 225 860 288; baseline -0.004 -14"><span class='ocrx_word' id='word_1_1' title='bbox 637 225 860 288; x_wconf 29' lang='lat'>233&amp;</span> 
     </span>
    </p>
   </div>
   <div class='ocr_carea' id='block_1_2' title="bbox 195 406 1312 1463">
    <p class='ocr_par' dir='ltr' id='par_1_2' title="bbox 214 406 517 485">
     <span class='ocr_line' id='line_1_2' title="bbox 214 406 517 485; baseline 0.003 -19"><span class='ocrx_word' id='word_1_2' title='bbox 214 406 242 466; x_wconf 85' lang='grc'>6.</span> <span class='ocrx_word' id='word_1_3' title='bbox 259 408 332 468; x_wconf 88' lang='lat' dir='ltr'>Vita</span> <span class='ocrx_word' id='word_1_4' title='bbox 356 407 441 485; x_wconf 86' lang='lat' dir='ltr'>Colg.</span> <span class='ocrx_word' id='word_1_5' title='bbox 464 408 517 467; x_wconf 92' lang='lat' dir='ltr'>III</span> 
     </span>
    </p>

    <p class='ocr_par' dir='ltr' id='par_1_3' title="bbox 214 495 1310 664">
     <span class='ocr_line' id='line_1_3' title="bbox 214 495 1309 576; baseline 0 -21"><span class='ocrx_word' id='word_1_6' title='bbox 214 500 242 555; x_wconf 87' lang='lat'>7.</span> <span class='ocrx_word' id='word_1_7' title='bbox 259 498 425 574; x_wconf 83' lang='lat' dir='ltr'>VitaOolg.</span> <span class='ocrx_word' id='word_1_8' title='bbox 436 498 473 571; x_wconf 89' lang='lat' dir='ltr'>V,</span> <span class='ocrx_word' id='word_1_9' title='bbox 487 499 617 576; x_wconf 90' lang='lat' dir='ltr'>ascripta</span> <span class='ocrx_word' id='word_1_10' title='bbox 644 503 712 574; x_wconf 89' lang='lat' dir='ltr'>post</span> <span class='ocrx_word' id='word_1_11' title='bbox 729 517 837 555; x_wconf 90' lang='lat' dir='ltr'>annum</span> <span class='ocrx_word' id='word_1_12' title='bbox 853 495 937 558; x_wconf 89' lang='lat'>1000</span> <span class='ocrx_word' id='word_1_13' title='bbox 951 496 1130 575; x_wconf 90' lang='lat' dir='ltr'>compositae</span> <span class='ocrx_word' id='word_1_14' title='bbox 1143 497 1253 574; x_wconf 83' lang='lat' dir='ltr'>(Skene</span> <span class='ocrx_word' id='word_1_15' title='bbox 1265 497 1309 571; x_wconf 95' lang='lat' dir='ltr'>II,</span> 
     </span>
     <span class='ocr_line' id='line_1_4' title="bbox 258 585 1310 664; baseline -0.001 -20"><span class='ocrx_word' id='word_1_16' title='bbox 258 586 358 644; x_wconf 90' lang='lat' dir='ltr'>Probo</span> <span class='ocrx_word' id='word_1_17' title='bbox 375 587 489 646; x_wconf 87' lang='lat' dir='ltr'>cuidam</span> <span class='ocrx_word' id='word_1_18' title='bbox 645 608 673 664; x_wconf 90' lang='lat' dir='ltr'>p.</span> <span class='ocrx_word' id='word_1_19' title='bbox 684 586 747 643; x_wconf 77' lang='lat'>449</span> <span class='ocrx_word' id='word_1_20' title='bbox 756 593 817 645; x_wconf 92' lang='lat' dir='ltr'>not.</span> <span class='ocrx_word' id='word_1_21' title='bbox 828 587 882 663; x_wconf 86' lang='lat'>39)</span> <span class='ocrx_word' id='word_1_22' title='bbox 895 587 946 645; x_wconf 91' lang='lat' dir='ltr'>sed</span> <span class='ocrx_word' id='word_1_23' title='bbox 955 587 978 646; x_wconf 86' lang='lat' dir='ltr'><strong>J</strong></span> <span class='ocrx_word' id='word_1_24' title='bbox 979 585 1084 645; x_wconf 89' lang='lat' dir='ltr'>ocelini</span> <span class='ocrx_word' id='word_1_25' title='bbox 1096 587 1159 646; x_wconf 88' lang='lat' dir='ltr'>vita</span> <span class='ocrx_word' id='word_1_26' title='bbox 1167 588 1258 662; x_wconf 88' lang='lat' dir='ltr'>(infra</span> <span class='ocrx_word' id='word_1_27' title='bbox 1269 588 1310 663; x_wconf 82' lang='grc'>9),</span> 
     </span>
    </p>

    <p class='ocr_par' dir='ltr' id='par_1_4' title="bbox 213 672 1265 840">
     <span class='ocr_line' id='line_1_5' title="bbox 213 672 1265 754; baseline 0.001 -21"><span class='ocrx_word' id='word_1_28' title='bbox 213 672 243 733; x_wconf 82' lang='grc'>8.</span> <span class='ocrx_word' id='word_1_29' title='bbox 260 675 332 734; x_wconf 87' lang='lat' dir='ltr'>Vita</span> <span class='ocrx_word' id='word_1_30' title='bbox 348 675 431 753; x_wconf 84' lang='lat' dir='ltr'>Oolg.</span> <span class='ocrx_word' id='word_1_31' title='bbox 448 676 519 750; x_wconf 89' lang='lat' dir='ltr'>VH,</span> <span class='ocrx_word' id='word_1_32' title='bbox 543 696 617 754; x_wconf 91' lang='lat' dir='ltr'>opus</span> <span class='ocrx_word' id='word_1_33' title='bbox 645 680 680 733; x_wconf 92' lang='lat' dir='ltr'>ut</span> <span class='ocrx_word' id='word_1_34' title='bbox 703 675 822 750; x_wconf 90' lang='lat' dir='ltr'>quidem</span> <span class='ocrx_word' id='word_1_35' title='bbox 846 673 973 734; x_wconf 75' lang='lat' dir='ltr'>Skenius</span> <span class='ocrx_word' id='word_1_36' title='bbox 994 675 1118 751; x_wconf 76' lang='lat' dir='ltr'>Judicat,</span> <span class='ocrx_word' id='word_1_37' title='bbox 1143 676 1265 754; x_wconf 78' lang='lat' dir='ltr'>priores.</span> 
     </span>
     <span class='ocr_line' id='line_1_6' title="bbox 258 763 443 840; baseline 0.011 -20"><span class='ocrx_word' id='word_1_38' title='bbox 258 763 443 840; x_wconf 89' lang='lat' dir='ltr'>tripartitum</span> 
     </span>
    </p>

    <p class='ocr_par' dir='ltr' id='par_1_5' title="bbox 215 850 1310 1019">
     <span class='ocr_line' id='line_1_7' title="bbox 215 850 1310 930; baseline 0.001 -21"><span class='ocrx_word' id='word_1_39' title='bbox 215 854 243 909; x_wconf 89' lang='grc'>9.</span> <span class='ocrx_word' id='word_1_40' title='bbox 261 852 334 912; x_wconf 86' lang='lat' dir='ltr'>Vita</span> <span class='ocrx_word' id='word_1_41' title='bbox 350 852 432 930; x_wconf 84' lang='lat' dir='ltr'>Oolg.</span> <span class='ocrx_word' id='word_1_42' title='bbox 450 853 506 925; x_wconf 88' lang='lat' dir='ltr'>VI,</span> <span class='ocrx_word' id='word_1_43' title='bbox 530 874 548 911; x_wconf 93' lang='lat' dir='ltr'>a</span> <span class='ocrx_word' id='word_1_44' title='bbox 562 852 699 911; x_wconf 90' lang='lat' dir='ltr'>Jocelino</span> <span class='ocrx_word' id='word_1_45' title='bbox 721 872 797 911; x_wconf 92' lang='lat' dir='ltr'>anno</span> <span class='ocrx_word' id='word_1_46' title='bbox 816 851 901 911; x_wconf 84' lang='lat'>1185</span> <span class='ocrx_word' id='word_1_47' title='bbox 919 852 1095 930; x_wconf 90' lang='lat' dir='ltr'>conscripta,</span> <span class='ocrx_word' id='word_1_48' title='bbox 1113 888 1154 898; x_wconf 91' lang='lat'>—</span> <span class='ocrx_word' id='word_1_49' title='bbox 1170 850 1240 912; x_wconf 85' lang='lat' dir='ltr'>Act.</span> <span class='ocrx_word' id='word_1_50' title='bbox 1257 851 1310 913; x_wconf 80' lang='lat' dir='ltr'>SS.</span> 
     </span>
     <span class='ocr_line' id='line_1_8' title="bbox 258 941 741 1019; baseline 0 -21"><span class='ocrx_word' id='word_1_51' title='bbox 258 941 334 998; x_wconf 93' lang='lat' dir='ltr'>Boll.</span> <span class='ocrx_word' id='word_1_52' title='bbox 357 942 444 1001; x_wconf 86' lang='lat' dir='ltr'>Mart.</span> <span class='ocrx_word' id='word_1_53' title='bbox 472 943 510 1000; x_wconf 87' lang='lat'>17</span> <span class='ocrx_word' id='word_1_54' title='bbox 535 963 563 1019; x_wconf 89' lang='lat' dir='ltr'>p.</span> <span class='ocrx_word' id='word_1_55' title='bbox 589 941 652 1000; x_wconf 83' lang='lat'>540</span> <span class='ocrx_word' id='word_1_56' title='bbox 677 962 741 1019; x_wconf 86' lang='lat' dir='ltr'>sqq.</span> 
     </span>
    </p>

    <p class='ocr_par' dir='ltr' id='par_1_6' title="bbox 195 1029 1312 1463">
     <span class='ocr_line' id='line_1_9' title="bbox 195 1029 1311 1108; baseline 0.003 -21"><span class='ocrx_word' id='word_1_57' title='bbox 195 1030 243 1087; x_wconf 89' lang='lat'>10.</span> <span class='ocrx_word' id='word_1_58' title='bbox 261 1029 335 1089; x_wconf 89' lang='lat' dir='ltr'>Vita</span> <span class='ocrx_word' id='word_1_59' title='bbox 351 1029 482 1108; x_wconf 83' lang='lat' dir='ltr'>Colgano</span> <span class='ocrx_word' id='word_1_60' title='bbox 506 1051 566 1090; x_wconf 91' lang='lat' dir='ltr'>non</span> <span class='ocrx_word' id='word_1_61' title='bbox 586 1034 647 1106; x_wconf 89' lang='lat' dir='ltr'>jam</span> <span class='ocrx_word' id='word_1_62' title='bbox 671 1030 791 1107; x_wconf 88' lang='lat' dir='ltr'>cognita</span> <span class='ocrx_word' id='word_1_63' title='bbox 805 1030 970 1089; x_wconf 91' lang='lat' dir='ltr'>Hibernico</span> <span class='ocrx_word' id='word_1_64' title='bbox 986 1049 1119 1089; x_wconf 77' lang='lat' dir='ltr'>sermone</span> <span class='ocrx_word' id='word_1_65' title='bbox 1136 1031 1311 1108; x_wconf 89' lang='lat' dir='ltr'>conscripta,</span> 
     </span>
     <span class='ocr_line' id='line_1_10' title="bbox 257 1119 1312 1198; baseline 0.002 -22"><span class='ocrx_word' id='word_1_66' title='bbox 257 1119 385 1176; x_wconf 86' lang='lat' dir='ltr'>Jooelini</span> <span class='ocrx_word' id='word_1_67' title='bbox 409 1120 594 1198; x_wconf 77' lang='lat' dir='ltr'>temporibus</span> <span class='ocrx_word' id='word_1_68' title='bbox 613 1120 722 1196; x_wconf 87' lang='lat' dir='ltr'>junior,</span> <span class='ocrx_word' id='word_1_69' title='bbox 747 1140 822 1196; x_wconf 90' lang='lat' dir='ltr'>quae</span> <span class='ocrx_word' id='word_1_70' title='bbox 847 1125 944 1178; x_wconf 71' lang='lat' dir='ltr'>exstm</span> <span class='ocrx_word' id='word_1_71' title='bbox 966 1119 998 1177; x_wconf 92' lang='lat' dir='ltr'>in</span> <span class='ocrx_word' id='word_1_72' title='bbox 1021 1119 1119 1178; x_wconf 88' lang='lat' dir='ltr'>codice</span> <span class='ocrx_word' id='word_1_73' title='bbox 1144 1119 1312 1178; x_wconf 74' lang='lat' dir='ltr'><strong>academiae</strong></span> 
     </span>
     <span class='ocr_line' id='line_1_11' title="bbox 258 1208 1312 1285; baseline 0.003 -21"><span class='ocrx_word' id='word_1_74' title='bbox 258 1208 358 1282; x_wconf 83' lang='lat' dir='ltr'>regiae</span> <span class='ocrx_word' id='word_1_75' title='bbox 369 1209 573 1283; x_wconf 89' lang='lat' dir='ltr'>Dublinensis,</span> <span class='ocrx_word' id='word_1_76' title='bbox 589 1209 640 1285; x_wconf 90' lang='lat' dir='ltr'>qui</span> <span class='ocrx_word' id='word_1_77' title='bbox 656 1208 766 1266; x_wconf 90' lang='lat' dir='ltr'>dicitur</span> <span class='ocrx_word' id='word_1_78' title='bbox 777 1208 878 1266; x_wconf 90' lang='lat' dir='ltr'>Lebar</span> <span class='ocrx_word' id='word_1_79' title='bbox 888 1209 990 1282; x_wconf 88' lang='lat' dir='ltr'>Brecc,</span> <span class='ocrx_word' id='word_1_80' title='bbox 1007 1214 1133 1267; x_wconf 89' lang='lat' dir='ltr'>exeunte</span> <span class='ocrx_word' id='word_1_81' title='bbox 1144 1230 1218 1267; x_wconf 89' lang='lat' dir='ltr'>saec.</span> <span class='ocrx_word' id='word_1_82' title='bbox 1231 1209 1312 1267; x_wconf 87' lang='lat' dir='ltr'>XIV</span> 
     </span>
     <span class='ocr_line' id='line_1_12' title="bbox 258 1295 1311 1375; baseline 0.002 -21"><span class='ocrx_word' id='word_1_83' title='bbox 258 1297 411 1374; x_wconf 87' lang='lat' dir='ltr'>(Warren)</span> <span class='ocrx_word' id='word_1_84' title='bbox 439 1300 487 1357; x_wconf 84' lang='lat' dir='ltr'>vel</span> <span class='ocrx_word' id='word_1_85' title='bbox 519 1298 634 1357; x_wconf 88' lang='lat' dir='ltr'>saeculo</span> <span class='ocrx_word' id='word_1_86' title='bbox 662 1297 725 1357; x_wconf 86' lang='lat' dir='ltr'>XV</span> <span class='ocrx_word' id='word_1_87' title='bbox 749 1295 883 1374; x_wconf 78' lang='lat' dir='ltr'>(Stolos)</span> <span class='ocrx_word' id='word_1_88' title='bbox 911 1304 1044 1370; x_wconf 84' lang='lat' dir='ltr'>exarato,</span> <span class='ocrx_word' id='word_1_89' title='bbox 1075 1298 1203 1375; x_wconf 90' lang='lat' dir='ltr'>primum</span> <span class='ocrx_word' id='word_1_90' title='bbox 1232 1299 1311 1375; x_wconf 90' lang='lat' dir='ltr'>typis</span> 
     </span>
     <span class='ocr_line' id='line_1_13' title="bbox 259 1382 1312 1463; baseline 0.004 -22"><span class='ocrx_word' id='word_1_91' title='bbox 259 1406 397 1462; x_wconf 86' lang='lat' dir='ltr'>expressa</span> <span class='ocrx_word' id='word_1_92' title='bbox 420 1387 452 1445; x_wconf 92' lang='lat' dir='ltr'>in</span> <span class='ocrx_word' id='word_1_93' title='bbox 474 1387 560 1460; x_wconf 90' lang='lat' dir='ltr'>libro,</span> <span class='ocrx_word' id='word_1_94' title='bbox 584 1387 636 1463; x_wconf 92' lang='lat' dir='ltr'>qui</span> <span class='ocrx_word' id='word_1_95' title='bbox 651 1386 837 1445; x_wconf 76' lang='lat' dir='ltr'><strong>inscribitur:</strong></span> <span class='ocrx_word' id='word_1_96' title='bbox 864 1383 957 1445; x_wconf 76' lang='lat' dir='ltr'>Ibree</span> <span class='ocrx_word' id='word_1_97' title='bbox 971 1383 1083 1446; x_wconf 80' lang='lat' dir='ltr'>middle</span> <span class='ocrx_word' id='word_1_98' title='bbox 1097 1383 1169 1445; x_wconf 68' lang='lat' dir='ltr'>iniat</span> <span class='ocrx_word' id='word_1_99' title='bbox 1183 1382 1312 1445; x_wconf 64' lang='lat' dir='ltr'>tennitas</span> 
     </span>
    </p>
   </div>
   <div class='ocr_carea' id='block_1_3' title="bbox 192 1470 1316 2441">
    <p class='ocr_par' dir='ltr' id='par_1_7' title="bbox 258 1470 1313 1714">
     <span class='ocr_line' id='line_1_14' title="bbox 258 1470 1313 1557; baseline 0.003 -25"><span class='ocrx_word' id='word_1_100' title='bbox 258 1493 297 1532; x_wconf 81' lang='lat' dir='ltr'>on</span> <span class='ocrx_word' id='word_1_101' title='bbox 324 1472 370 1534; x_wconf 79' lang='lat' dir='ltr'>the</span> <span class='ocrx_word' id='word_1_102' title='bbox 397 1472 465 1535; x_wconf 81' lang='lat' dir='ltr'>lives</span> <span class='ocrx_word' id='word_1_103' title='bbox 492 1474 529 1557; x_wconf 86' lang='lat' dir='ltr'>of</span> <span class='ocrx_word' id='word_1_104' title='bbox 546 1473 646 1535; x_wconf 80' lang='lat' dir='ltr'>Soints</span> <span class='ocrx_word' id='word_1_105' title='bbox 670 1471 804 1546; x_wconf 68' lang='lat' dir='ltr'>Patras,</span> <span class='ocrx_word' id='word_1_106' title='bbox 827 1473 932 1556; x_wconf 67' lang='lat' dir='ltr'>Bn‘qit</span> <span class='ocrx_word' id='word_1_107' title='bbox 954 1474 1016 1534; x_wconf 77' lang='lat' dir='ltr'>aad</span> <span class='ocrx_word' id='word_1_108' title='bbox 1040 1470 1185 1535; x_wconf 80' lang='lat' dir='ltr'>Columbo</span> <span class='ocrx_word' id='word_1_109' title='bbox 1207 1474 1251 1535; x_wconf 81' lang='lat' dir='ltr'>ed.</span> <span class='ocrx_word' id='word_1_110' title='bbox 1276 1473 1313 1554; x_wconf 80' lang='lat' dir='ltr'>by</span> 
     </span>
     <span class='ocr_line' id='line_1_15' title="bbox 267 1558 1311 1646; baseline 0.003 -27"><span class='ocrx_word' id='word_1_111' title='bbox 267 1558 394 1644; x_wconf 70' lang='lat' dir='ltr'>thley</span> <span class='ocrx_word' id='word_1_112' title='bbox 417 1561 517 1624; x_wconf 79' lang='lat' dir='ltr'>Stokes</span> <span class='ocrx_word' id='word_1_113' title='bbox 539 1565 608 1646; x_wconf 78' lang='lat' dir='ltr'>(one</span> <span class='ocrx_word' id='word_1_114' title='bbox 630 1561 767 1624; x_wconf 65' lang='lat' dir='ltr'>Incedere</span> <span class='ocrx_word' id='word_1_115' title='bbox 789 1562 883 1646; x_wconf 77' lang='lat' dir='ltr'>copies</span> <span class='ocrx_word' id='word_1_116' title='bbox 902 1560 1047 1646; x_wconf 67' lang='lat' dir='ltr'>privately</span> <span class='ocrx_word' id='word_1_117' title='bbox 1063 1563 1209 1643; x_wconf 68' lang='lat' dir='ltr'>prirued).</span> <span class='ocrx_word' id='word_1_118' title='bbox 1246 1559 1311 1623; x_wconf 78' lang='lat' dir='ltr'>Cal-</span> 
     </span>
     <span class='ocr_line' id='line_1_16' title="bbox 259 1653 460 1714; baseline 0.015 -4"><span class='ocrx_word' id='word_1_119' title='bbox 259 1659 336 1710; x_wconf 78' lang='lat' dir='ltr'>outto</span> <span class='ocrx_word' id='word_1_120' title='bbox 360 1653 460 1714; x_wconf 79' lang='lat'>18771.</span> 
     </span>
    </p>

    <p class='ocr_par' dir='ltr' id='par_1_8' title="bbox 192 1740 1314 2156">
     <span class='ocr_line' id='line_1_17' title="bbox 281 1740 1313 1820; baseline 0.002 -22"><span class='ocrx_word' id='word_1_121' title='bbox 281 1740 329 1799; x_wconf 84' lang='lat' dir='ltr'>le</span> <span class='ocrx_word' id='word_1_122' title='bbox 351 1741 398 1800; x_wconf 94' lang='lat' dir='ltr'>his</span> <span class='ocrx_word' id='word_1_123' title='bbox 421 1743 491 1802; x_wconf 88' lang='lat' dir='ltr'>vitis</span> <span class='ocrx_word' id='word_1_124' title='bbox 515 1763 628 1816; x_wconf 89' lang='lat' dir='ltr'>omnes,</span> <span class='ocrx_word' id='word_1_125' title='bbox 661 1763 734 1820; x_wconf 91' lang='lat' dir='ltr'>quas</span> <span class='ocrx_word' id='word_1_126' title='bbox 764 1743 904 1817; x_wconf 90' lang='lat' dir='ltr'>secundo,</span> <span class='ocrx_word' id='word_1_127' title='bbox 934 1747 1041 1818; x_wconf 86' lang='lat' dir='ltr'>quarto</span> <span class='ocrx_word' id='word_1_128' title='bbox 1068 1746 1099 1800; x_wconf 88' lang='lat' dir='ltr'>et</span> <span class='ocrx_word' id='word_1_129' title='bbox 1121 1741 1313 1819; x_wconf 86' lang='lat' dir='ltr'>sequentibus</span> 
     </span>
     <span class='ocr_line' id='line_1_18' title="bbox 193 1828 1312 1909; baseline 0.002 -23"><span class='ocrx_word' id='word_1_130' title='bbox 193 1828 265 1888; x_wconf 89' lang='lat' dir='ltr'>loeis</span> <span class='ocrx_word' id='word_1_131' title='bbox 290 1832 534 1903; x_wconf 79' lang='lat' dir='ltr'>enumeravimus,</span> <span class='ocrx_word' id='word_1_132' title='bbox 557 1833 695 1891; x_wconf 91' lang='lat' dir='ltr'>nituntur</span> <span class='ocrx_word' id='word_1_133' title='bbox 717 1832 761 1905; x_wconf 89' lang='lat' dir='ltr'>iis,</span> <span class='ocrx_word' id='word_1_134' title='bbox 785 1852 862 1909; x_wconf 90' lang='lat' dir='ltr'>quae</span> <span class='ocrx_word' id='word_1_135' title='bbox 885 1831 915 1888; x_wconf 90' lang='lat' dir='ltr'>in</span> <span class='ocrx_word' id='word_1_136' title='bbox 938 1831 1016 1890; x_wconf 91' lang='lat' dir='ltr'>libro</span> <span class='ocrx_word' id='word_1_137' title='bbox 1032 1828 1242 1889; x_wconf 88' lang='lat' dir='ltr'>Ardmachano</span> <span class='ocrx_word' id='word_1_138' title='bbox 1264 1852 1312 1889; x_wconf 87' lang='lat' dir='ltr'>ex·</span> 
     </span>
     <span class='ocr_line' id='line_1_19' title="bbox 192 1918 1313 1998; baseline -0.001 -21"><span class='ocrx_word' id='word_1_139' title='bbox 192 1924 283 1980; x_wconf 89' lang='lat' dir='ltr'>stant.</span> <span class='ocrx_word' id='word_1_140' title='bbox 331 1918 439 1996; x_wconf 88' lang='lat' dir='ltr'>Itaque</span> <span class='ocrx_word' id='word_1_141' title='bbox 469 1922 613 1996; x_wconf 79' lang='lat' dir='ltr'>neglectis</span> <span class='ocrx_word' id='word_1_142' title='bbox 642 1921 699 1979; x_wconf 89' lang='lat' dir='ltr'>illis</span> <span class='ocrx_word' id='word_1_143' title='bbox 728 1920 775 1978; x_wconf 93' lang='lat' dir='ltr'>his</span> <span class='ocrx_word' id='word_1_144' title='bbox 806 1920 1026 1998; x_wconf 78' lang='lat' dir='ltr'>perscrutandis</span> <span class='ocrx_word' id='word_1_145' title='bbox 1054 1940 1174 1997; x_wconf 88' lang='lat' dir='ltr'>operam</span> <span class='ocrx_word' id='word_1_146' title='bbox 1203 1920 1313 1978; x_wconf 89' lang='lat' dir='ltr'>demus.</span> 
     </span>
     <span class='ocr_line' id='line_1_20' title="bbox 192 2004 1314 2086; baseline 0 -22"><span class='ocrx_word' id='word_1_147' title='bbox 192 2004 240 2065; x_wconf 89' lang='lat' dir='ltr'>Ao</span> <span class='ocrx_word' id='word_1_148' title='bbox 267 2008 396 2085; x_wconf 89' lang='lat' dir='ltr'>primum</span> <span class='ocrx_word' id='word_1_149' title='bbox 424 2009 543 2086; x_wconf 89' lang='lat' dir='ltr'>quidem</span> <span class='ocrx_word' id='word_1_150' title='bbox 571 2044 608 2051; x_wconf 93' lang='lat'>—</span> <span class='ocrx_word' id='word_1_151' title='bbox 634 2015 778 2086; x_wconf 91' lang='lat' dir='ltr'>quantum</span> <span class='ocrx_word' id='word_1_152' title='bbox 805 2009 870 2066; x_wconf 88' lang='lat' dir='ltr'>fieri</span> <span class='ocrx_word' id='word_1_153' title='bbox 896 2015 997 2086; x_wconf 91' lang='lat' dir='ltr'>potest</span> <span class='ocrx_word' id='word_1_154' title='bbox 1022 2043 1061 2051; x_wconf 90' lang='lat'><em>-</em></span> <span class='ocrx_word' id='word_1_155' title='bbox 1086 2009 1202 2084; x_wconf 86' lang='lat' dir='ltr'>singula</span> <span class='ocrx_word' id='word_1_156' title='bbox 1229 2009 1314 2067; x_wconf 89' lang='lat' dir='ltr'>testi·</span> 
     </span>
     <span class='ocr_line' id='line_1_21' title="bbox 193 2097 530 2156; baseline 0.009 -3"><span class='ocrx_word' id='word_1_157' title='bbox 193 2098 292 2154; x_wconf 90' lang='lat' dir='ltr'>monia</span> <span class='ocrx_word' id='word_1_158' title='bbox 315 2097 530 2156; x_wconf 80' lang='lat' dir='ltr'>discernamus:</span> 
     </span>
    </p>

    <p class='ocr_par' dir='ltr' id='par_1_9' title="bbox 217 2183 1316 2441">
     <span class='ocr_line' id='line_1_22' title="bbox 217 2183 1314 2247; baseline 0.003 -6"><span class='ocrx_word' id='word_1_159' title='bbox 217 2186 244 2241; x_wconf 91' lang='lat'>1.</span> <span class='ocrx_word' id='word_1_160' title='bbox 261 2186 333 2246; x_wconf 90' lang='lat' dir='ltr'>Vita</span> <span class='ocrx_word' id='word_1_161' title='bbox 355 2187 503 2245; x_wconf 87' lang='lat' dir='ltr'>Muirchni</span> <span class='ocrx_word' id='word_1_162' title='bbox 526 2187 798 2247; x_wconf 87' lang='lat' dir='ltr'>Maooumachtenii.</span> <span class='ocrx_word' id='word_1_163' title='bbox 827 2221 868 2231; x_wconf 93' lang='lat'>-</span> <span class='ocrx_word' id='word_1_164' title='bbox 899 2186 1001 2245; x_wconf 88' lang='lat' dir='ltr'>Prima</span> <span class='ocrx_word' id='word_1_165' title='bbox 1032 2187 1111 2244; x_wconf 88' lang='lat' dir='ltr'>enim</span> <span class='ocrx_word' id='word_1_166' title='bbox 1141 2185 1212 2244; x_wconf 91' lang='lat' dir='ltr'>libri</span> <span class='ocrx_word' id='word_1_167' title='bbox 1235 2183 1314 2244; x_wconf 91' lang='lat' dir='ltr'>Ard-</span> 
     </span>
     <span class='ocr_line' id='line_1_23' title="bbox 260 2273 1316 2352; baseline 0.003 -20"><span class='ocrx_word' id='word_1_168' title='bbox 260 2275 396 2335; x_wconf 86' lang='lat' dir='ltr'>machani</span> <span class='ocrx_word' id='word_1_169' title='bbox 418 2277 489 2334; x_wconf 89' lang='lat' dir='ltr'>folia</span> <span class='ocrx_word' id='word_1_170' title='bbox 513 2276 653 2352; x_wconf 82' lang='lat' dir='ltr'>(Betham</span> <span class='ocrx_word' id='word_1_171' title='bbox 676 2276 723 2350; x_wconf 88' lang='lat' dir='ltr'>H,</span> <span class='ocrx_word' id='word_1_172' title='bbox 747 2276 898 2352; x_wconf 85' lang='lat' dir='ltr'>appendix</span> <span class='ocrx_word' id='word_1_173' title='bbox 920 2296 948 2352; x_wconf 93' lang='lat' dir='ltr'>p.</span> <span class='ocrx_word' id='word_1_174' title='bbox 965 2273 1139 2351; x_wconf 91' lang='lat' dir='ltr'>I—XVII)</span> <span class='ocrx_word' id='word_1_175' title='bbox 1163 2275 1316 2335; x_wconf 82' lang='lat' dir='ltr'>continent</span> 
     </span>
     <span class='ocr_line' id='line_1_24' title="bbox 260 2364 1315 2441; baseline 0 -20"><span class='ocrx_word' id='word_1_176' title='bbox 260 2365 353 2422; x_wconf 86' lang='lat' dir='ltr'>vitam</span> <span class='ocrx_word' id='word_1_177' title='bbox 385 2366 533 2441; x_wconf 86' lang='lat' dir='ltr'>quandam</span> <span class='ocrx_word' id='word_1_178' title='bbox 561 2365 686 2426; x_wconf 90' lang='lat' dir='ltr'>Patrioii</span> <span class='ocrx_word' id='word_1_179' title='bbox 717 2365 780 2423; x_wconf 91' lang='lat' dir='ltr'>sine</span> <span class='ocrx_word' id='word_1_180' title='bbox 810 2364 928 2423; x_wconf 89' lang='lat' dir='ltr'>nomine</span> <span class='ocrx_word' id='word_1_181' title='bbox 958 2364 1101 2441; x_wconf 87' lang='lat' dir='ltr'>scriptam</span> <span class='ocrx_word' id='word_1_182' title='bbox 1128 2365 1176 2423; x_wconf 90' lang='lat' dir='ltr'>vel</span> <span class='ocrx_word' id='word_1_183' title='bbox 1207 2364 1315 2423; x_wconf 86' lang='lat' dir='ltr'>amissa</span> 
     </span>
    </p>
   </div>
   <div class='ocr_carea' id='block_1_4' title="bbox 261 2453 1440 2532">
    <p class='ocr_par' dir='ltr' id='par_1_10' title="bbox 261 2453 1440 2532">
     <span class='ocr_line' id='line_1_25' title="bbox 261 2453 1440 2532; baseline 0.001 -20"><span class='ocrx_word' id='word_1_184' title='bbox 261 2454 360 2532; x_wconf 91' lang='lat' dir='ltr'>priore</span> <span class='ocrx_word' id='word_1_185' title='bbox 384 2455 473 2531; x_wconf 90' lang='lat' dir='ltr'>primi</span> <span class='ocrx_word' id='word_1_186' title='bbox 496 2454 566 2513; x_wconf 91' lang='lat' dir='ltr'>libri</span> <span class='ocrx_word' id='word_1_187' title='bbox 588 2460 674 2531; x_wconf 88' lang='lat' dir='ltr'>parte</span> <span class='ocrx_word' id='word_1_188' title='bbox 697 2454 873 2512; x_wconf 86' lang='lat' dir='ltr'>mutilatam.</span> <span class='ocrx_word' id='word_1_189' title='bbox 911 2453 1000 2513; x_wconf 87' lang='lat' dir='ltr'>Hanc</span> <span class='ocrx_word' id='word_1_190' title='bbox 1023 2474 1041 2511; x_wconf 89' lang='lat' dir='ltr'>a</span> <span class='ocrx_word' id='word_1_191' title='bbox 1064 2453 1218 2512; x_wconf 85' lang='lat' dir='ltr'>Muirohuo</span> <span class='ocrx_word' id='word_1_192' title='bbox 1243 2473 1314 2530; x_wconf 91' lang='lat' dir='ltr'>quo·</span> <span class='ocrx_word' id='word_1_193' title='bbox 1350 2524 1353 2529; x_wconf 28' lang='grc' dir='ltr'>Ι</span> <span class='ocrx_word' id='word_1_194' title='bbox 1437 2526 1440 2530; x_wconf 10' lang='lat'>⁸</span> 
     </span>
    </p>
   </div>
   <div class='ocr_carea' id='block_1_5' title="bbox 261 2541 1317 3503">
    <p class='ocr_par' dir='ltr' id='par_1_11' title="bbox 261 2541 1317 3503">
     <span class='ocr_line' id='line_1_26' title="bbox 262 2541 1316 2621; baseline 0 -21"><span class='ocrx_word' id='word_1_195' title='bbox 262 2542 329 2601; x_wconf 87' lang='lat' dir='ltr'>dam</span> <span class='ocrx_word' id='word_1_196' title='bbox 360 2543 557 2621; x_wconf 88' lang='lat' dir='ltr'>conscriptam</span> <span class='ocrx_word' id='word_1_197' title='bbox 586 2564 648 2602; x_wconf 90' lang='lat' dir='ltr'>esse</span> <span class='ocrx_word' id='word_1_198' title='bbox 676 2542 864 2619; x_wconf 89' lang='lat' dir='ltr'>sagacissime</span> <span class='ocrx_word' id='word_1_199' title='bbox 892 2542 950 2602; x_wconf 86' lang='lat' dir='ltr'>viri</span> <span class='ocrx_word' id='word_1_200' title='bbox 978 2541 1058 2601; x_wconf 92' lang='lat' dir='ltr'>docti</span> <span class='ocrx_word' id='word_1_201' title='bbox 1081 2541 1223 2619; x_wconf 89' lang='lat' dir='ltr'>suspicati</span> <span class='ocrx_word' id='word_1_202' title='bbox 1246 2547 1316 2602; x_wconf 89' lang='lat' dir='ltr'>sunt</span> 
     </span>
     <span class='ocr_line' id='line_1_27' title="bbox 261 2629 1315 2710; baseline -0.002 -20"><span class='ocrx_word' id='word_1_203' title='bbox 261 2633 309 2706; x_wconf 88' lang='lat' dir='ltr'>(cf.</span> <span class='ocrx_word' id='word_1_204' title='bbox 334 2629 431 2690; x_wconf 81' lang='lat' dir='ltr'>Skene</span> <span class='ocrx_word' id='word_1_205' title='bbox 454 2632 497 2705; x_wconf 89' lang='lat' dir='ltr'>H,</span> <span class='ocrx_word' id='word_1_206' title='bbox 521 2653 551 2710; x_wconf 89' lang='lat' dir='ltr'>p.</span> <span class='ocrx_word' id='word_1_207' title='bbox 570 2632 609 2690; x_wconf 90' lang='lat'>15</span> <span class='ocrx_word' id='word_1_208' title='bbox 634 2638 696 2692; x_wconf 83' lang='lat' dir='ltr'>not.</span> <span class='ocrx_word' id='word_1_209' title='bbox 720 2632 784 2707; x_wconf 84' lang='lat'>23).</span> <span class='ocrx_word' id='word_1_210' title='bbox 829 2631 907 2691; x_wconf 87' lang='lat' dir='ltr'>Nam</span> <span class='ocrx_word' id='word_1_211' title='bbox 935 2650 1011 2707; x_wconf 90' lang='lat' dir='ltr'>quae</span> <span class='ocrx_word' id='word_1_212' title='bbox 1038 2631 1097 2689; x_wconf 90' lang='lat' dir='ltr'>alio</span> <span class='ocrx_word' id='word_1_213' title='bbox 1120 2631 1228 2690; x_wconf 88' lang='lat' dir='ltr'>codicis</span> <span class='ocrx_word' id='word_1_214' title='bbox 1251 2631 1315 2690; x_wconf 89' lang='lat' dir='ltr'>loco</span> 
     </span>
     <span class='ocr_line' id='line_1_28' title="bbox 262 2713 1317 2798; baseline -0.002 -20"><span class='ocrx_word' id='word_1_215' title='bbox 262 2713 401 2795; x_wconf 82' lang='lat' dir='ltr'>(Betham</span> <span class='ocrx_word' id='word_1_216' title='bbox 417 2720 460 2794; x_wconf 95' lang='lat' dir='ltr'>II,</span> <span class='ocrx_word' id='word_1_217' title='bbox 484 2742 550 2798; x_wconf 89' lang='lat' dir='ltr'>app.</span> <span class='ocrx_word' id='word_1_218' title='bbox 568 2741 596 2798; x_wconf 90' lang='lat' dir='ltr'>p.</span> <span class='ocrx_word' id='word_1_219' title='bbox 612 2720 727 2780; x_wconf 88' lang='lat' dir='ltr'>XLIII</span> <span class='ocrx_word' id='word_1_220' title='bbox 750 2741 793 2796; x_wconf 88' lang='lat' dir='ltr'>sq.</span> <span class='ocrx_word' id='word_1_221' title='bbox 810 2720 845 2777; x_wconf 91' lang='lat' dir='ltr'>cf.</span> <span class='ocrx_word' id='word_1_222' title='bbox 862 2720 940 2778; x_wconf 87' lang='lat' dir='ltr'>infra</span> <span class='ocrx_word' id='word_1_223' title='bbox 962 2723 1031 2797; x_wconf 88' lang='lat' dir='ltr'>post</span> <span class='ocrx_word' id='word_1_224' title='bbox 1050 2721 1102 2793; x_wconf 93' lang='grc'>11)</span> <span class='ocrx_word' id='word_1_225' title='bbox 1125 2720 1317 2796; x_wconf 89' lang='lat' dir='ltr'>reperiuntur</span> 
     </span>
     <span class='ocr_line' id='line_1_29' title="bbox 262 2805 1317 2887; baseline -0.002 -21"><span class='ocrx_word' id='word_1_226' title='bbox 262 2805 434 2887; x_wconf 75' lang='lat' dir='ltr'>‚,copitnlo“</span> <span class='ocrx_word' id='word_1_227' title='bbox 457 2811 504 2869; x_wconf 87' lang='lat' dir='ltr'>vel</span> <span class='ocrx_word' id='word_1_228' title='bbox 527 2809 748 2880; x_wconf 70' lang='lat' dir='ltr'>„assentationes</span> <span class='ocrx_word' id='word_1_229' title='bbox 764 2805 859 2867; x_wconf 55' lang='lat' dir='ltr'>Aius</span> <span class='ocrx_word' id='word_1_230' title='bbox 883 2809 925 2865; x_wconf 89' lang='lat' dir='ltr'>nil</span> <span class='ocrx_word' id='word_1_231' title='bbox 946 2807 1106 2865; x_wconf 89' lang='lat' dir='ltr'>aliudesse</span> <span class='ocrx_word' id='word_1_232' title='bbox 1123 2807 1317 2884; x_wconf 89' lang='lat' dir='ltr'>quamprimi</span> 
     </span>
     <span class='ocr_line' id='line_1_30' title="bbox 261 2894 1316 2973; baseline -0.004 -17"><span class='ocrx_word' id='word_1_233' title='bbox 261 2899 341 2957; x_wconf 85' lang='lat' dir='ltr'>vitae</span> <span class='ocrx_word' id='word_1_234' title='bbox 364 2898 444 2956; x_wconf 91' lang='lat' dir='ltr'>illius</span> <span class='ocrx_word' id='word_1_235' title='bbox 466 2898 537 2956; x_wconf 90' lang='lat' dir='ltr'>libri</span> <span class='ocrx_word' id='word_1_236' title='bbox 560 2904 767 2973; x_wconf 81' lang='lat' dir='ltr'>argumentum</span> <span class='ocrx_word' id='word_1_237' title='bbox 783 2895 971 2953; x_wconf 88' lang='lat' dir='ltr'>manifestum</span> <span class='ocrx_word' id='word_1_238' title='bbox 987 2901 1040 2954; x_wconf 88' lang='lat' dir='ltr'>est.</span> <span class='ocrx_word' id='word_1_239' title='bbox 1080 2894 1189 2972; x_wconf 85' lang='lat' dir='ltr'>Itaque</span> <span class='ocrx_word' id='word_1_240' title='bbox 1204 2914 1270 2953; x_wconf 91' lang='lat' dir='ltr'>cum</span> <span class='ocrx_word' id='word_1_241' title='bbox 1285 2894 1316 2952; x_wconf 93' lang='lat' dir='ltr'>in</span> 
     </span>
     <span class='ocr_line' id='line_1_31' title="bbox 263 2983 1316 3061; baseline -0.003 -18"><span class='ocrx_word' id='word_1_242' title='bbox 263 2985 402 3043; x_wconf 85' lang='lat' dir='ltr'>extremis</span> <span class='ocrx_word' id='word_1_243' title='bbox 430 2986 476 3043; x_wconf 79' lang='lat' dir='ltr'>his</span> <span class='ocrx_word' id='word_1_244' title='bbox 500 2984 651 3061; x_wconf 86' lang='lat' dir='ltr'>capitulis,</span> <span class='ocrx_word' id='word_1_245' title='bbox 682 3004 806 3061; x_wconf 91' lang='lat' dir='ltr'>quorum</span> <span class='ocrx_word' id='word_1_246' title='bbox 830 2984 975 3060; x_wconf 82' lang='lat' dir='ltr'>praelatio</span> <span class='ocrx_word' id='word_1_247' title='bbox 999 2983 1144 3060; x_wconf 88' lang='lat' dir='ltr'>inscripta</span> <span class='ocrx_word' id='word_1_248' title='bbox 1168 2988 1213 3043; x_wconf 85' lang='lat' dir='ltr'>est</span> <span class='ocrx_word' id='word_1_249' title='bbox 1235 2983 1316 3042; x_wconf 83' lang='lat' dir='ltr'>Aido</span> 
     </span>
     <span class='ocr_line' id='line_1_32' title="bbox 263 3071 1316 3152; baseline 0 -23"><span class='ocrx_word' id='word_1_250' title='bbox 263 3074 401 3150; x_wconf 88' lang='lat' dir='ltr'>episcopo</span> <span class='ocrx_word' id='word_1_251' title='bbox 426 3072 587 3152; x_wconf 89' lang='lat' dir='ltr'>Sleptiensi</span> <span class='ocrx_word' id='word_1_252' title='bbox 610 3072 645 3149; x_wconf 91' lang='lat'>(†</span> <span class='ocrx_word' id='word_1_253' title='bbox 670 3071 732 3132; x_wconf 81' lang='lat'>698</span> <span class='ocrx_word' id='word_1_254' title='bbox 757 3074 793 3130; x_wconf 84' lang='lat' dir='ltr'>cf.</span> <span class='ocrx_word' id='word_1_255' title='bbox 818 3072 915 3131; x_wconf 86' lang='lat' dir='ltr'>Skene</span> <span class='ocrx_word' id='word_1_256' title='bbox 938 3072 982 3146; x_wconf 93' lang='lat' dir='ltr'>II,</span> <span class='ocrx_word' id='word_1_257' title='bbox 1005 3093 1033 3150; x_wconf 90' lang='lat' dir='ltr'>p.</span> <span class='ocrx_word' id='word_1_258' title='bbox 1061 3072 1122 3149; x_wconf 87' lang='lat'><strong>15),</strong></span> <span class='ocrx_word' id='word_1_259' title='bbox 1146 3072 1316 3133; x_wconf 87' lang='lat' dir='ltr'>inveniatur</span> 
     </span>
     <span class='ocr_line' id='line_1_33' title="bbox 263 3157 1315 3242; baseline 0.001 -23"><span class='ocrx_word' id='word_1_260' title='bbox 263 3161 318 3220; x_wconf 92' lang='lat' dir='ltr'>hoc</span> <span class='ocrx_word' id='word_1_261' title='bbox 340 3161 498 3239; x_wconf 87' lang='lat' dir='ltr'>scriptum:</span> <span class='ocrx_word' id='word_1_262' title='bbox 521 3158 591 3223; x_wconf 75' lang='lat' dir='ltr'>leoco</span> <span class='ocrx_word' id='word_1_263' title='bbox 609 3181 712 3242; x_wconf 79' lang='lat' dir='ltr'>pauco</span> <span class='ocrx_word' id='word_1_264' title='bbox 728 3206 734 3219; x_wconf 93' lang='lat'>.</span> <span class='ocrx_word' id='word_1_265' title='bbox 752 3205 758 3219; x_wconf 93' lang='lat'>.</span> <span class='ocrx_word' id='word_1_266' title='bbox 776 3206 782 3219; x_wconf 94' lang='lat'>.</span> <span class='ocrx_word' id='word_1_267' title='bbox 799 3205 805 3219; x_wconf 89' lang='lat'>.</span> <span class='ocrx_word' id='word_1_268' title='bbox 824 3157 963 3220; x_wconf 77' lang='lat' dir='ltr'>Muircba</span> <span class='ocrx_word' id='word_1_269' title='bbox 985 3157 1238 3221; x_wconf 72' lang='lat' dir='ltr'>Mocoumoolrtam‘</span> <span class='ocrx_word' id='word_1_270' title='bbox 1256 3159 1315 3221; x_wconf 84' lang='lat' dir='ltr'>dic·</span> 
     </span>
     <span class='ocr_line' id='line_1_34' title="bbox 264 3245 1317 3333; baseline -0.001 -25"><span class='ocrx_word' id='word_1_271' title='bbox 264 3258 341 3309; x_wconf 81' lang='lat' dir='ltr'>tonte</span> <span class='ocrx_word' id='word_1_272' title='bbox 367 3246 449 3310; x_wconf 82' lang='lat' dir='ltr'>Aido</span> <span class='ocrx_word' id='word_1_273' title='bbox 476 3245 642 3330; x_wconf 70' lang='lat' dir='ltr'>Sleptienaa</span> <span class='ocrx_word' id='word_1_274' title='bbox 670 3249 790 3310; x_wconf 60' lang='lat' dir='ltr'>modain</span> <span class='ocrx_word' id='word_1_275' title='bbox 816 3249 949 3333; x_wconf 81' lang='lat' dir='ltr'>episcopo</span> <span class='ocrx_word' id='word_1_276' title='bbox 977 3248 1159 3330; x_wconf 68' lang='lat' dir='ltr'>nuncupat,</span> <span class='ocrx_word' id='word_1_277' title='bbox 1191 3256 1317 3328; x_wconf 90' lang='lat' dir='ltr'>apparet</span> 
     </span>
     <span class='ocr_line' id='line_1_35' title="bbox 264 3338 1317 3417; baseline -0.004 -17"><span class='ocrx_word' id='word_1_278' title='bbox 264 3340 357 3400; x_wconf 88' lang='lat' dir='ltr'>vitam</span> <span class='ocrx_word' id='word_1_279' title='bbox 384 3341 466 3399; x_wconf 91' lang='lat' dir='ltr'>illam</span> <span class='ocrx_word' id='word_1_280' title='bbox 493 3340 562 3399; x_wconf 88' lang='lat' dir='ltr'>hnic</span> <span class='ocrx_word' id='word_1_281' title='bbox 584 3340 739 3399; x_wconf 87' lang='lat' dir='ltr'>Muirchuo</span> <span class='ocrx_word' id='word_1_282' title='bbox 766 3345 892 3398; x_wconf 91' lang='lat' dir='ltr'>exeunte</span> <span class='ocrx_word' id='word_1_283' title='bbox 914 3340 1030 3398; x_wconf 88' lang='lat' dir='ltr'>saeculo</span> <span class='ocrx_word' id='word_1_284' title='bbox 1053 3339 1180 3417; x_wconf 86' lang='lat' dir='ltr'>septimo</span> <span class='ocrx_word' id='word_1_285' title='bbox 1203 3338 1317 3399; x_wconf 89' lang='lat' dir='ltr'>viventi</span> 
     </span>
     <span class='ocr_line' id='line_1_36' title="bbox 266 3425 1317 3503; baseline -0.003 -16"><span class='ocrx_word' id='word_1_286' title='bbox 266 3450 328 3489; x_wconf 88' lang='lat' dir='ltr'>esse</span> <span class='ocrx_word' id='word_1_287' title='bbox 352 3429 588 3503; x_wconf 87' lang='lat' dir='ltr'>attribuendam,</span> <span class='ocrx_word' id='word_1_288' title='bbox 618 3429 723 3488; x_wconf 92' lang='lat' dir='ltr'>saltem</span> <span class='ocrx_word' id='word_1_289' title='bbox 747 3429 925 3488; x_wconf 84' lang='lat' dir='ltr'>attributam</span> <span class='ocrx_word' id='word_1_290' title='bbox 948 3427 979 3487; x_wconf 94' lang='lat' dir='ltr'>in</span> <span class='ocrx_word' id='word_1_291' title='bbox 1000 3427 1078 3486; x_wconf 88' lang='lat' dir='ltr'>libro</span> <span class='ocrx_word' id='word_1_292' title='bbox 1098 3425 1317 3487; x_wconf 85' lang='lat' dir='ltr'>Ardmachano.</span> 
     </span>
    </p>
   </div>
   <div class='ocr_carea' id='block_1_6' title="bbox 198 3689 1351 4400">
    <p class='ocr_par' dir='ltr' id='par_1_12' title="bbox 198 3689 1351 4400">
     <span class='ocr_line' id='line_1_37' title="bbox 272 3689 1316 3759; baseline 0 -17"><span class='ocrx_word' id='word_1_293' title='bbox 272 3691 281 3720; x_wconf 91' lang='lat'>¹</span> <span class='ocrx_word' id='word_1_294' title='bbox 301 3689 452 3744; x_wconf 85' lang='lat' dir='ltr'>Maximam</span> <span class='ocrx_word' id='word_1_295' title='bbox 472 3691 592 3759; x_wconf 86' lang='lat' dir='ltr'>gratiam</span> <span class='ocrx_word' id='word_1_296' title='bbox 612 3691 703 3744; x_wconf 88' lang='lat' dir='ltr'>habeo</span> <span class='ocrx_word' id='word_1_297' title='bbox 724 3689 785 3743; x_wconf 90' lang='lat' dir='ltr'>viro</span> <span class='ocrx_word' id='word_1_298' title='bbox 805 3689 968 3744; x_wconf 88' lang='lat' dir='ltr'>doctissimo</span> <span class='ocrx_word' id='word_1_299' title='bbox 988 3689 1110 3745; x_wconf 80' lang='lat' dir='ltr'>Ernesto</span> <span class='ocrx_word' id='word_1_300' title='bbox 1128 3689 1316 3753; x_wconf 89' lang='lat' dir='ltr'>Windischio,</span> 
     </span>
     <span class='ocr_line' id='line_1_38' title="bbox 198 3760 1317 3831; baseline -0.002 -17"><span class='ocrx_word' id='word_1_301' title='bbox 198 3764 311 3814; x_wconf 89' lang='lat' dir='ltr'>nostrae</span> <span class='ocrx_word' id='word_1_302' title='bbox 330 3761 520 3815; x_wconf 87' lang='lat' dir='ltr'>universitatis</span> <span class='ocrx_word' id='word_1_303' title='bbox 540 3761 696 3830; x_wconf 84' lang='lat' dir='ltr'>Lipsiensis</span> <span class='ocrx_word' id='word_1_304' title='bbox 716 3761 880 3829; x_wconf 86' lang='lat' dir='ltr'>professori,</span> <span class='ocrx_word' id='word_1_305' title='bbox 901 3761 950 3831; x_wconf 91' lang='lat' dir='ltr'>qui</span> <span class='ocrx_word' id='word_1_306' title='bbox 968 3761 1038 3815; x_wconf 91' lang='lat' dir='ltr'>mihi</span> <span class='ocrx_word' id='word_1_307' title='bbox 1057 3765 1087 3815; x_wconf 88' lang='lat' dir='ltr'>et</span> <span class='ocrx_word' id='word_1_308' title='bbox 1105 3760 1175 3815; x_wconf 87' lang='lat' dir='ltr'>alios</span> <span class='ocrx_word' id='word_1_309' title='bbox 1195 3765 1224 3814; x_wconf 86' lang='lat' dir='ltr'>et</span> <span class='ocrx_word' id='word_1_310' title='bbox 1242 3761 1317 3813; x_wconf 91' lang='lat' dir='ltr'>hunc</span> 
     </span>
     <span class='ocr_line' id='line_1_39' title="bbox 198 3831 1316 3902; baseline 0 -18"><span class='ocrx_word' id='word_1_311' title='bbox 198 3832 315 3896; x_wconf 88' lang='lat' dir='ltr'>librum,</span> <span class='ocrx_word' id='word_1_312' title='bbox 336 3831 392 3901; x_wconf 89' lang='lat' dir='ltr'>ipsi</span> <span class='ocrx_word' id='word_1_313' title='bbox 411 3833 446 3886; x_wconf 91' lang='lat' dir='ltr'>ab</span> <span class='ocrx_word' id='word_1_314' title='bbox 466 3837 583 3887; x_wconf 89' lang='lat' dir='ltr'>anctore</span> <span class='ocrx_word' id='word_1_315' title='bbox 603 3834 765 3887; x_wconf 89' lang='lat' dir='ltr'>dedicatum</span> <span class='ocrx_word' id='word_1_316' title='bbox 785 3837 869 3901; x_wconf 87' lang='lat' dir='ltr'>atque</span> <span class='ocrx_word' id='word_1_317' title='bbox 888 3832 1055 3902; x_wconf 89' lang='lat' dir='ltr'>inscriptum</span> <span class='ocrx_word' id='word_1_318' title='bbox 1074 3833 1209 3886; x_wconf 90' lang='lat' dir='ltr'>utendum</span> <span class='ocrx_word' id='word_1_319' title='bbox 1228 3831 1316 3896; x_wconf 88' lang='lat' dir='ltr'>dedit,</span> 
     </span>
     <span class='ocr_line' id='line_1_40' title="bbox 199 3900 1351 3975; baseline 0 -19"><span class='ocrx_word' id='word_1_320' title='bbox 199 3902 254 3956; x_wconf 87' lang='lat' dir='ltr'>etsi</span> <span class='ocrx_word' id='word_1_321' title='bbox 272 3903 368 3956; x_wconf 91' lang='lat' dir='ltr'>inveni</span> <span class='ocrx_word' id='word_1_322' title='bbox 388 3903 477 3972; x_wconf 89' lang='lat' dir='ltr'>ipsam</span> <span class='ocrx_word' id='word_1_323' title='bbox 496 3905 583 3957; x_wconf 89' lang='lat' dir='ltr'>vitam</span> <span class='ocrx_word' id='word_1_324' title='bbox 604 3903 870 3959; x_wconf 87' lang='lat' dir='ltr'>commemoratione</span> <span class='ocrx_word' id='word_1_325' title='bbox 883 3904 930 3956; x_wconf 85' lang='lat' dir='ltr'>vix</span> <span class='ocrx_word' id='word_1_326' title='bbox 943 3904 1057 3975; x_wconf 85' lang='lat' dir='ltr'>dignam</span> <span class='ocrx_word' id='word_1_327' title='bbox 1071 3920 1139 3957; x_wconf 86' lang='lat' dir='ltr'>esse.</span> <span class='ocrx_word' id='word_1_328' title='bbox 1171 3900 1234 3972; x_wconf 70' lang='lat' dir='ltr'>Quo</span> <span class='ocrx_word' id='word_1_329' title='bbox 1246 3905 1316 3956; x_wconf 89' lang='lat' dir='ltr'>tem-</span> <span class='ocrx_word' id='word_1_330' title='bbox 1348 3945 1351 3951; x_wconf 90' lang='lat'>.</span> 
     </span>
     <span class='ocr_line' id='line_1_41' title="bbox 198 3972 1316 4045; baseline 0 -18"><span class='ocrx_word' id='word_1_331' title='bbox 198 3991 268 4044; x_wconf 91' lang='lat' dir='ltr'>pore</span> <span class='ocrx_word' id='word_1_332' title='bbox 280 3976 436 4044; x_wconf 89' lang='lat' dir='ltr'>composita</span> <span class='ocrx_word' id='word_1_333' title='bbox 447 3975 484 4028; x_wconf 88' lang='lat' dir='ltr'>sit</span> <span class='ocrx_word' id='word_1_334' title='bbox 494 3977 598 4042; x_wconf 89' lang='lat' dir='ltr'>partim</span> <span class='ocrx_word' id='word_1_335' title='bbox 609 3993 641 4030; x_wconf 87' lang='lat' dir='ltr'>ex</span> <span class='ocrx_word' id='word_1_336' title='bbox 653 3974 805 4029; x_wconf 90' lang='lat' dir='ltr'>verborum</span> <span class='ocrx_word' id='word_1_337' title='bbox 814 3973 912 4028; x_wconf 83' lang='lat' dir='ltr'>formis</span> <span class='ocrx_word' id='word_1_338' title='bbox 922 3974 1057 4029; x_wconf 88' lang='lat' dir='ltr'>definitur</span> <span class='ocrx_word' id='word_1_339' title='bbox 1067 3973 1183 4045; x_wconf 84' lang='lat' dir='ltr'>(Stokes</span> <span class='ocrx_word' id='word_1_340' title='bbox 1193 3991 1220 4042; x_wconf 93' lang='lat' dir='ltr'>p.</span> <span class='ocrx_word' id='word_1_341' title='bbox 1231 3972 1316 4027; x_wconf 88' lang='lat' dir='ltr'>VIII:</span> 
     </span>
     <span class='ocr_line' id='line_1_42' title="bbox 198 4044 1318 4117; baseline -0.001 -18"><span class='ocrx_word' id='word_1_342' title='bbox 198 4048 274 4099; x_wconf 87' lang='lat' dir='ltr'>intra</span> <span class='ocrx_word' id='word_1_343' title='bbox 292 4063 364 4100; x_wconf 87' lang='lat' dir='ltr'>saec.</span> <span class='ocrx_word' id='word_1_344' title='bbox 378 4044 423 4098; x_wconf 86' lang='lat' dir='ltr'>XI</span> <span class='ocrx_word' id='word_1_345' title='bbox 443 4049 472 4098; x_wconf 89' lang='lat' dir='ltr'>et</span> <span class='ocrx_word' id='word_1_346' title='bbox 484 4046 555 4115; x_wconf 87' lang='lat' dir='ltr'>XV)</span> <span class='ocrx_word' id='word_1_347' title='bbox 575 4047 679 4117; x_wconf 89' lang='lat' dir='ltr'>partim</span> <span class='ocrx_word' id='word_1_348' title='bbox 699 4063 734 4099; x_wconf 85' lang='lat' dir='ltr'>ex</span> <span class='ocrx_word' id='word_1_349' title='bbox 754 4061 794 4111; x_wconf 92' lang='lat' dir='ltr'>eo,</span> <span class='ocrx_word' id='word_1_350' title='bbox 815 4044 890 4113; x_wconf 91' lang='lat' dir='ltr'>quod</span> <span class='ocrx_word' id='word_1_351' title='bbox 910 4050 1008 4101; x_wconf 88' lang='lat' dir='ltr'>auctor</span> <span class='ocrx_word' id='word_1_352' title='bbox 1026 4047 1140 4100; x_wconf 88' lang='lat' dir='ltr'>videtur</span> <span class='ocrx_word' id='word_1_353' title='bbox 1152 4045 1318 4116; x_wconf 84' lang='lat' dir='ltr'>cognovisse</span> 
     </span>
     <span class='ocr_line' id='line_1_43' title="bbox 198 4116 1320 4186; baseline -0.003 -14"><span class='ocrx_word' id='word_1_354' title='bbox 198 4117 324 4172; x_wconf 88' lang='lat' dir='ltr'>Jocelini</span> <span class='ocrx_word' id='word_1_355' title='bbox 343 4117 419 4172; x_wconf 85' lang='lat' dir='ltr'>vitae</span> <span class='ocrx_word' id='word_1_356' title='bbox 440 4133 463 4170; x_wconf 90' lang='lat' dir='ltr'>o.</span> <span class='ocrx_word' id='word_1_357' title='bbox 485 4119 518 4172; x_wconf 80' lang='grc'>18</span> <span class='ocrx_word' id='word_1_358' title='bbox 537 4135 598 4172; x_wconf 86' lang='lat' dir='ltr'>nro.</span> <span class='ocrx_word' id='word_1_359' title='bbox 620 4119 670 4172; x_wconf 88' lang='grc'>163</span> <span class='ocrx_word' id='word_1_360' title='bbox 691 4117 752 4185; x_wconf 90' lang='lat' dir='ltr'>(vid</span> <span class='ocrx_word' id='word_1_361' title='bbox 771 4133 856 4183; x_wconf 85' lang='lat' dir='ltr'>supra</span> <span class='ocrx_word' id='word_1_362' title='bbox 874 4133 902 4183; x_wconf 85' lang='lat' dir='ltr'>p.</span> <span class='ocrx_word' id='word_1_363' title='bbox 916 4118 971 4186; x_wconf 81' lang='lat'>32).</span> <span class='ocrx_word' id='word_1_364' title='bbox 1002 4116 1083 4170; x_wconf 87' lang='lat' dir='ltr'>Dixit</span> <span class='ocrx_word' id='word_1_365' title='bbox 1102 4117 1191 4170; x_wconf 87' lang='lat' dir='ltr'>enim:</span> <span class='ocrx_word' id='word_1_366' title='bbox 1211 4116 1320 4182; x_wconf 75' lang='lat' dir='ltr'>„Wioat</span> 
     </span>
     <span class='ocr_line' id='line_1_44' title="bbox 200 4185 1317 4272; baseline -0.003 -29"><span class='ocrx_word' id='word_1_367' title='bbox 200 4189 260 4243; x_wconf 66' lang='lat' dir='ltr'>(iod</span> <span class='ocrx_word' id='word_1_368' title='bbox 285 4188 408 4260; x_wconf 70' lang='lat' dir='ltr'>wrmegtt</span> <span class='ocrx_word' id='word_1_369' title='bbox 431 4186 465 4255; x_wconf 70' lang='lat' dir='ltr'>of</span> <span class='ocrx_word' id='word_1_370' title='bbox 478 4190 597 4243; x_wconf 75' lang='lat' dir='ltr'>uendere</span> <span class='ocrx_word' id='word_1_371' title='bbox 622 4189 677 4243; x_wconf 80' lang='lat' dir='ltr'>aad</span> <span class='ocrx_word' id='word_1_372' title='bbox 700 4187 825 4241; x_wconf 78' lang='lat' dir='ltr'>mtrooles</span> <span class='ocrx_word' id='word_1_373' title='bbox 840 4185 888 4254; x_wconf 81' lang='lat' dir='ltr'>for</span> <span class='ocrx_word' id='word_1_374' title='bbox 907 4191 949 4272; x_wconf 76' lang='lat' dir='ltr'>the</span> <span class='ocrx_word' id='word_1_375' title='bbox 968 4189 1029 4258; x_wconf 75' lang='lat' dir='ltr'>holy</span> <span class='ocrx_word' id='word_1_376' title='bbox 1047 4187 1228 4271; x_wconf 23' lang='lat' dir='ltr'>Patriclcnare</span> <span class='ocrx_word' id='word_1_377' title='bbox 1246 4205 1317 4242; x_wconf 84' lang='lat' dir='ltr'>ocer-</span> 
     </span>
     <span class='ocr_line' id='line_1_45' title="bbox 198 4258 1319 4400; baseline -0.003 -16"><span class='ocrx_word' id='word_1_378' title='bbox 198 4264 328 4385; x_wconf 59' lang='lat' dir='ltr'>testu</span> <span class='ocrx_word' id='word_1_379' title='bbox 343 4258 1319 4400; x_wconf 48' lang='lat' dir='ltr'>sescenisnummis,ettamunster</span> 
     </span>
    </p>
   </div>
   <div class='ocr_carea' id='block_1_7' title="bbox 1089 4417 1105 4472">
    <p class='ocr_par' dir='ltr' id='par_1_13' title="bbox 1089 4417 1105 4472">
     <span class='ocr_line' id='line_1_46' title="bbox 1089 4417 1105 4472; baseline 0 0"><span class='ocrx_word' id='word_1_380' title='bbox 1089 4417 1105 4472; x_wconf 84' lang='lat'>3</span> 
     </span>
    </p>
   </div>
   <div class='ocr_carea' id='block_1_8' title="bbox 0 0 1528 4920">
    <p class='ocr_par' dir='ltr' id='par_1_14' title="bbox 0 0 1528 4920">
     <span class='ocr_line' id='line_1_47' title="bbox 0 0 1528 4920; baseline 0 0"><span class='ocrx_word' id='word_1_381' title='bbox 0 0 1528 4920; x_wconf 95' lang='lat' dir='ltr'> </span> 
     </span>
    </p>
   </div>
  </div>
 </body>
</html>
