3024 4920
643 205 858 263 ...522

193 392 306 444 certum
330 391 384 457 est,
408 383 433 443 si
457 383 508 459 qui
531 385 642 444 fuerint
659 383 758 443 clerici
773 384 975 442 monachicam
991 382 1084 444 vitam
1101 404 1160 442 non
1177 381 1317 463 amplexi,

193 475 330 552 exiguum
353 475 445 532 fuisse
468 495 624 532 numerum
649 494 757 533 eorum.

283 564 361 623 Nam
385 563 489 621 relicta
512 563 543 620 in
559 563 655 621 medio
672 563 723 621 illa
741 564 913 640 quaestione
937 583 991 639 pro
1009 569 1090 622 certo
1107 562 1316 621 affirmandum

192 659 239 711 est
262 653 294 710 in
318 653 443 728 singulis
467 653 615 729 parochiis
638 652 704 729 ipsa
727 652 907 711 monasteria
930 653 985 724 ita,
1009 673 1046 710 ne
1070 652 1166 710 dicam
1189 671 1316 724 omnem,

194 747 274 800 certe
298 743 359 799 fere
383 761 497 799 omnem
522 741 687 799 animarum
716 761 815 799 curam
843 741 968 816 gessisse
997 739 1109 816 (Skenc
1131 740 1181 812 ΙΙ,
1205 762 1233 819 p.
1260 742 1315 816 72)

193 837 228 889 11
250 831 388 888 monachi
410 831 457 889 vel
480 831 605 889 abbates
620 830 789 907 presbyteri
803 831 945 907 parvulos
966 830 1157 907 baptizarent
1172 829 1315 905 (Adamn.

194 919 246 978 vit.
271 919 334 977 Ool.
360 920 388 991 2,
413 919 453 976 47
479 940 508 996 p.
534 920 611 992 215;
638 921 670 991 2,
697 920 751 991 63,
776 941 804 997 p.
830 920 907 995 220)
939 919 1088 996 improbos
1122 919 1316 994 objurgantes

195 1009 378 1084 corrigerent
402 1008 454 1084 (ib.
479 1009 506 1084 1,
525 1008 575 1080 40,
599 1029 628 1085 p.
646 1009 722 1083 212)
746 1008 840 1084 iisque
863 1008 1066 1085 poenitentiae
1090 1027 1242 1066 mensuras
1265 1008 1315 1065 de·

194 1098 315 1156 finirent
346 1098 398 1172 (ib.
426 1098 452 1168 l,
480 1098 528 1167 17,
553 1119 580 1174 p.
607 1097 693 1172 204),
725 1097 933 1155 eucharistiam
964 1097 994 1154 111
1025 1097 1161 1174 proxima
1192 1095 1317 1154 eeclesia

194 1187 401 1245 celebrandam
426 1192 572 1257 curarent,
597 1186 669 1262 ipsis
693 1187 812 1261 synodis
837 1187 973 1244 adessent
990 1186 1041 1261 (ib.
1061 1187 1088 1259 3,
1106 1185 1157 1258 85,
1182 1207 1210 1263 p.
1228 1186 1315 1261 228),

194 1276 321 1352 denique
356 1276 581 1351 quibuscunque
618 1275 759 1334 laicorum
799 1275 958 1333 aerumniis
994 1282 1138 1350 quantum
1175 1279 1317 1351 poterant

196 1385 295 1423 curam
320 1364 496 1422 adhiberent
519 1365 571 1438 (ib.
596 1385 620 1421 e.
644 1384 672 1440 g.
698 1366 726 1436 2,
752 1365 802 1436 74,
826 1385 854 1441 p.
880 1364 966 1440 224).

284 1453 344 1512 Sed
367 1454 454 1526 absit,
478 1459 512 1512 ut
534 1457 621 1530 putes
644 1454 687 1510 ita
702 1453 866 1530 descriptas
882 1454 972 1512 fuisse
988 1454 1054 1511 illas
1068 1452 1315 1512 monasteriorum

195 1542 363 1621 parochias,
398 1551 433 1601 ut
466 1542 576 1599 nemini
610 1541 713 1600 liceret
747 1542 778 1600 111
810 1542 932 1601 11111111
967 1542 1140 1601 monasterii
1175 1542 1316 1619 parochia

195 1631 368 1689 ministeriis
391 1630 597 1690 ecclesiasticis
621 1631 714 1707 fungi,
743 1666 779 1673 -
806 1652 821 1688 e
845 1632 993 1689 contrario
1018 1631 1158 1707 permulti
1185 1630 1231 1687 illi
1253 1650 1315 1688 mo·

197 1719 297 1792 111111,
328 1721 379 1795 qui
402 1719 513 1778 relictis
543 1721 650 1797 patriis
673 1719 844 1796 regionibus
872 1721 946 1779 alias
970 1721 1083 1779 insulae
1106 1725 1207 1797 partes
1230 1740 1316 1796 pera·

196 1810 327 1886 grabant
350 1809 421 1884 (vid.
445 1809 544 1884 infra),
567 1809 687 1867 minime
708 1810 794 1868 vetiti
820 1814 904 1868 erant
928 1830 980 1868 nec
1002 1811 1157 1887 baptizare
1174 1807 1316 1884 (Adamn.

196 1899 250 1957 vit.
267 1897 331 1958 001.
355 1899 383 1970 2,
400 1899 451 1970 47,
475 1918 503 1974 p.
521 1899 598 1974 215)
622 1919 676 1956 111
699 1897 908 1957 confitentibus
924 1919 1043 1976 operam
1060 1898 1131 1956 dare
1148 1898 1200 1973 (ib.
1220 1898 1246 1966 l,
1266 1898 1317 1969 17,

196 2009 225 2065 p.
251 1988 337 2063 204),
368 1988 439 2046 item
470 1987 564 2059 absit,
587 1994 622 2045 ut
653 1993 740 2065 putes
772 1988 907 2045 omuibus
938 1988 1125 2046 monasteriis
1154 1987 1230 2044 hanc
1253 1991 1317 2044 tam

198 2083 310 2135 arctam
334 2096 399 2134 cum
423 2076 506 2135 laicis
529 2076 773 2136 necessitudinem
790 2077 880 2134 fuisse
905 2082 935 2134 et
951 2097 1050 2134 omnes
1067 2075 1224 2134 monachos
1239 2075 1317 2133 banc

199 2166 407 2223 canonicorum
430 2165 557 2242 speciem
580 2166 759 2242 praebuisse,
785 2201 821 2210 —
849 2187 865 2223 e
889 2166 1037 2224 contrario
1066 2166 1192 2223 alterum
1222 2163 1316 2241 quod·

198 2254 266 2312 dam
290 2259 320 2312 et
343 2254 589 2311 monasteriorum
613 2259 643 2312 et
662 2255 871 2312 monachorum
887 2274 988 2330 genus,
1013 2253 1259 2325 anachoreticum,
1282 2258 1319 2310 ut

198 2344 241 2401 ita
264 2343 370 2414 dicam,
394 2343 425 2399 in
448 2343 571 2401 ecelesia
588 2341 743 2402 Scotorum
765 2343 913 2402 exstitisse
936 2344 1015 2402 infra
1038 2343 1216 2414 videbimus3
1239 2361 1320 2399 nunc

195 2435 258 2507 jam
281 2437 398 2509 tempus
423 2438 476 2504 est,
499 2439 534 2490 ut
550 2432 700 2510 expositis,
724 2452 800 2507 quae
824 2433 860 2490 de
877 2433 1123 2491 monasteriorum
1139 2431 1321 2489 auctoritate

199 2521 365 2597 generatim
381 2521 506 2579 dicenda
522 2528 616 2594 erant,
629 2522 783 2580 redeamus
795 2522 832 2579 ad
845 2522 974 2598 priorem
987 2542 1089 2580 earum
1102 2521 1320 2597 quaestionum,

200 2630 273 2686 quas
304 2629 394 2686 supra
418 2612 459 2686 (p.
485 2611 539 2686 57)
572 2611 788 2688 proposuimus.
834 2610 1017 2684 Quaeramus
1048 2610 1142 2686 igitur
1165 2629 1235 2667 num
1260 2609 1321 2667 sin·

199 2699 302 2776 gulare
317 2697 416 2770 fuerit,
433 2699 512 2773 quod
529 2699 621 2757 abbas
637 2699 771 2757 Hiiensis
793 2700 983 2776 presbyteras
1003 2705 1089 2758 tanta
1105 2698 1185 2776 apud
1201 2704 1322 2774 septen·

199 2788 341 2846 trionales
365 2784 469 2846 Scotos
493 2794 526 2847 et
547 2787 626 2865 apud
650 2808 750 2846 omnes
773 2787 876 2847 Pictos
898 2788 1025 2846 florebat
1049 2788 1235 2846 auctoritate.

289 2877 378 2936 Certo
402 2877 573 2954 singularis,
593 2884 659 2936 erat
688 2882 719 2935 et
749 2883 833 2936 tanta
864 2877 1027 2937 auctoritas
1059 2883 1104 2949 et,
1136 2876 1193 2934 nisi
1223 2875 1322 2947 fallor,

198 2972 284 3024 tanta
308 2967 470 3024 auotoritas
494 2966 612 3024 abbatis
636 2967 810 3043 presbyteri.
856 2967 978 3027 Nullum
1002 2967 1079 3023 enim
1111 2965 1190 3023 aliud
1219 2983 1323 3022 mona-

200 3055 323 3113 sterium
347 3055 378 3110 in
402 3055 515 3113 cunctis
538 3055 656 3131 populis
687 3056 887 3132 principatum
916 3057 1046 3113 tenuisse
1077 3074 1167 3132 supra
1198 3056 1239 3131 (p.
1266 3053 1323 3129 56)

196 3146 260 3216 jam
284 3142 411 3200 vidimus
429 3178 470 3187 —
486 3163 581 3218 neque
605 3143 660 3201 hoc
682 3164 774 3200 unum
798 3145 989 3222 conspicuum
1012 3150 1065 3202 est.
1097 3142 1192 3200 Immo
1216 3140 1324 3200 abbati

200 3231 319 3289 Hiiensi
350 3231 440 3289 etiam
465 3232 619 3310 episcopos
651 3233 800 3307 subjectos
823 3233 912 3292 fuisse
943 3253 1002 3290 11111
1026 3233 1104 3291 11111
1127 3231 1211 3289 Beda
1234 3229 1324 3290 testis

200 3327 246 3378 est
269 3323 372 3398 (supra
394 3342 423 3398 p.
446 3321 511 3397 57),
536 3323 587 3381 sed
611 3322 710 3393 etiam,
734 3321 855 3397 quinam
878 3321 990 3380 fuerint
1020 3322 1064 3378 illi
1092 3320 1232 3397 episcopi,
1262 3338 1324 3377 non

199 3411 381 3486 ignoramus:
406 3410 604 3469 Lismorensis
628 3410 739 3485 (Skene
763 3410 806 3483 H,
829 3432 857 3486 p.
885 3411 969 3486 133),
994 3409 1245 3486 (lingaradhensis
1269 3407 1324 3483 (ib.

201 3507 231 3556 et
254 3500 294 3556 H.
318 3499 376 3556 and
400 3498 444 3558 St.
468 3500 511 3568 II,
539 3502 565 3571 l,
588 3520 616 3575 p.
644 3500 719 3575 107)
743 3499 996 3558 Lindisfarnensis
1020 3519 1085 3557 eum
1108 3499 1157 3570 iis,
1188 3498 1239 3574 qui
1263 3496 1325 3574 ipsi

202 3593 289 3646 erant
304 3588 437 3661 subjecti.
469 3588 551 3664 Ergo
568 3588 714 3664 dignitate
737 3588 827 3646 simili
850 3587 1062 3665 archiepiscopi
1079 3589 1172 3645 abbas
1187 3585 1325 3644 Hiiensis

202 3681 360 3734 exornatus
385 3684 449 3735 erat
479 3677 563 3752 isque
594 3697 670 3735 unus
700 3677 731 3734 in
754 3677 878 3753 antiqua
901 3675 1058 3734 Scotorum
1082 3677 1220 3746 ecclesia,
1252 3695 1324 3732 nam

201 3766 231 3823 in
255 3764 404 3823 Hibernia
428 3771 500 3823 tunc
523 3767 666 3844 temporis
691 3767 844 3842 episcopos
875 3766 962 3823 alteri
994 3767 1133 3842 episcopo
1157 3766 1203 3823 vel
1227 3763 1325 3821 archi-

202 3854 340 3930 episcopo
370 3852 461 3912 fuisse
492 3856 655 3930 subjectos,
692 3856 805 3912 nullum
841 3860 939 3913 exstat
972 3862 1055 3914 vetus
1091 3852 1325 3912 testimonium.1

201 3941 337 4014 Accedit,
353 3963 389 3999 ne
407 3942 502 4001 dicam
518 3945 554 4001 de
569 3944 690 4002 Aidano
706 3963 775 4019 rege
792 3964 809 4000 a
825 3942 970 4001 Columba
991 3948 1161 4002 consecrato
1178 3940 1324 4016 (Adamn.

201 4031 255 4089 vit.
279 4028 342 4088 Ool.
367 4032 395 4103 3,
420 4033 472 4104 86,
496 4054 525 4109 p.
543 4034 629 4108 228),
653 4033 732 4108 quod
755 4032 847 4090 abbas
872 4032 1005 4090 Hiiensis
1033 4034 1111 4091 solus
1132 4035 1181 4105 jus
1205 4050 1325 4088 excom·

202 4119 372 4177 municandi
395 4123 552 4180 exercebat
575 4123 627 4197 (ib.
652 4123 680 4194 2,
706 4117 756 4192 58,
780 4141 809 4197 p.
827 4121 913 4196 218),
938 4141 1003 4179 cum
1028 4121 1057 4178 in
1078 4120 1226 4178 Hibernia
1248 4119 1327 4178 haec

294 4311 303 4340 ¹
323 4308 368 4363 De
387 4311 549 4379 principatu
568 4312 642 4364 sedis
664 4310 879 4363 Ardmaehanae
899 4311 957 4362 vid.
978 4328 1063 4376 supra
1081 4328 1109 4376 p.
1129 4311 1162 4364 56
1182 4312 1243 4362 not.
1265 4310 1292 4363 3.
