3024 4920
725 198 946 256 -34-

301 381 329 436 2.
346 378 481 452 Quatuor
511 377 719 435 annotationes
749 376 811 434 sine
835 375 952 433 nomine
976 376 1103 452 scriptae
1131 409 1175 418 —
1201 374 1330 433 Betham
1353 374 1396 448 II,

344 487 412 544 app.
435 488 463 545 p.
487 465 585 525 XVII
609 486 652 543 sq.

300 558 328 615 3.
344 556 434 614 Dicta
457 554 594 626 Patricii,
627 574 701 631 quae
731 553 777 612 his
805 553 903 612 verbis
927 554 1038 630 scripta
1061 559 1145 611 sunt:
1179 551 1327 612 Timorem
1349 551 1399 612 dei

343 641 434 702 liubai
455 643 559 704 ducem
581 641 689 702 itineris
712 641 770 700 mci
786 661 843 724 per
867 637 983 702 Gellius
1006 650 1090 722 utque
1114 638 1236 700 Italiam
1259 641 1347 702 etium
1365 640 1397 700 in

343 731 450 803 insoles,
474 752 548 813 quoe
570 740 636 790 sum
657 731 688 789 in
703 728 783 788 muri
802 728 935 789 Temeno.
974 726 1022 789 De
1038 727 1152 789 surculo
1167 728 1338 810 requiseietis
1353 723 1397 809 (9)

343 820 385 880 od
407 818 605 880 Paradissem
627 817 816 900 deogratias
838 815 975 879 oeccmsio
998 815 1153 878 Scotorum
1175 818 1266 877 immo
1282 812 1395 878 Rome-

248 984 251 988 Α
342 930 462 983 norum,
493 918 524 968 ut
549 906 709 968 Christiani
736 906 778 965 ito
807 917 839 966 ut
861 905 995 966 Romani
1023 906 1083 966 sitis
1111 914 1141 966 et
1164 915 1263 967 cetera
1285 908 1397 966 leviora

343 999 483 1074 (Betham
507 998 549 1072 ΙΙ,
572 1019 641 1076 app.
664 1018 693 1073 p.
716 996 854 1072 XVHI).

299 1089 328 1146 4.
346 1087 504 1146 Tirecbani
527 1087 735 1146 annotationes
752 1085 890 1161 (Betham
915 1087 933 1143 l.
957 1106 981 1144 c.
996 1107 1024 1162 p.
1041 1085 1350 1146 XVIII—XXXIV
1360 1083 1396 1167 ¹),

342 1196 414 1257 quus
430 1174 544 1254 sempsit
564 1194 600 1234 ec
615 1193 664 1234 ore
680 1170 723 1233 uel
736 1170 809 1233 libro
830 1169 933 1232 Uitam
946 1173 1073 1254 eprccopi
1087 1171 1168 1254 cujus
1184 1173 1245 1256 ipse
1259 1171 1397 1232 domnus

343 1261 389 1324 uel
412 1262 571 1344 discipules
585 1257 649 1346 fucit
672 1265 702 1338 (l.
719 1285 742 1321 c.
758 1284 787 1339 p.
803 1263 919 1321 XVIII
943 1265 978 1321 cf.
1002 1264 1034 1321 in
1057 1264 1129 1341 ipsis
1153 1263 1396 1322 annotationibus

342 1374 371 1431 p.
387 1353 471 1410 XIX
494 1360 632 1423 „testante
654 1349 727 1410 milri
746 1347 852 1410 Ultaao
875 1350 1051 1433 episcopm).
1089 1353 1156 1410 Hae
1180 1352 1396 1424 annotationes,

343 1443 368 1501 si
399 1442 472 1501 fides
502 1442 560 1518 ipsi
591 1441 706 1500 auctori
734 1446 780 1499 est
807 1441 955 1513 habenda,
987 1462 1052 1500 cum
1075 1441 1205 1500 Ultanus
1228 1461 1305 1499 anno
1331 1440 1394 1498 657

342 1530 450 1589 obiisse
473 1530 612 1588 tradatur
628 1529 739 1605 (Skene
755 1528 797 1603 ΙΙ,
820 1551 849 1607 p.
867 1529 930 1587 425
955 1536 1015 1589 not.
1035 1530 1097 1606 13),
1121 1531 1223 1588 eodem
1245 1531 1306 1588 fere
1321 1535 1395 1588 tem-

343 1640 415 1697 pore
439 1619 623 1697 conscriptae
647 1626 724 1700 sunt,
749 1639 807 1696 quo
822 1618 970 1676 Muirehui
992 1620 1055 1678 vita
1071 1619 1182 1695 scripta
1199 1639 1261 1677 esse
1278 1618 1395 1676 dieitur.

342 1709 445 1783 Neque
469 1708 627 1784 quicquam
651 1708 801 1781 habemus,
825 1728 877 1765 cur
900 1708 1014 1766 auctori
1038 1707 1125 1766 fidem
1147 1709 1322 1784 abrogemus
1338 1707 1396 1765 nisi

342 1797 416 1854 illud
438 1817 466 1873 p.
482 1796 578 1854 XIX:
602 1816 621 1854 o
641 1796 777 1878 possiem
801 1805 897 1856 cutem
920 1792 1030 1855 CVurmti
1051 1793 1228 1877 collepomur
1251 1794 1322 1854 onai
1337 1798 1396 1855 436

236 1885 238 1888 ’
341 1903 430 1966 usqm
452 1883 494 1944 od
515 1894 638 1944 mortem
662 1882 793 1944 Patricii.
831 1883 883 1943 An
906 1893 1032 1944 exeunte
1056 1886 1171 1944 saeculo
1195 1885 1320 1963 septimo
1339 1885 1396 1942 Hi·

341 1976 449 2033 bernes
483 1975 537 2032 tali
566 1980 733 2052 temporum
764 1974 961 2051 descriptione
992 1996 1060 2033 usos
1093 1996 1155 2034 esse
1182 1973 1290 2052 putas?
1336 1973 1396 2032 Sed

343 2064 415 2139 quid
438 2065 547 2136 obstat,
571 2065 727 2140 quominus
750 2068 887 2141 putemus
911 2064 1027 2138 adjecta
1044 2053 1112 2122 ‘esse
1128 2066 1219 2121 verba
1239 2063 1290 2119 illa
1306 2064 1344 2120 ab
1361 2082 1396 2120 eo

342 2153 395 2228 qui
416 2151 525 2209 librum
545 2151 787 2211 Ardmachanum
810 2152 1007 2228 conscripsit?
1046 2152 1140 2210 Immo
1165 2171 1230 2208 cum
1254 2151 1398 2209 sermonis

343 2245 514 2300 contextum
538 2241 715 2314 discindant,
738 2261 793 2318 pro
818 2246 899 2299 certo
923 2261 969 2300 res
992 2241 1129 2299 habenda
1152 2245 1205 2298 est.

301 2329 329 2388 5.
344 2329 511 2388 Petitiones
534 2330 668 2389 Patricii.
714 2330 841 2387 Betham
864 2329 884 2386 l.
908 2349 932 2386 c.
955 2351 984 2407 p.
1007 2327 1146 2388 XXXV.

301 2420 328 2477 6.
348 2416 463 2493 „Aetas
474 2418 619 2478 Patricii“
636 2453 678 2464 -—
691 2419 784 2496 ipsius
797 2417 882 2476 annis
894 2418 1043 2495 descripta
1054 2419 1110 2476 hoc
1122 2417 1220 2476 modo:
1242 2413 1311 2476 VII
1319 2437 1399 2477 arcuo

344 2505 506 2587 boptizrrtm
529 2516 578 2579 est,
604 2504 639 2566 X
660 2528 737 2568 anuo
760 2515 861 2589 captus
885 2514 940 2567 etc.
963 2507 1092 2567 Betham
1114 2508 1134 2565 l.
1158 2528 1181 2565 c.
1205 2528 1233 2583 p.
1257 2506 1397 2565 XXXV.

342 2597 427 2654 Haec
449 2598 540 2655 verba
559 2631 596 2651 ,-
615 2597 696 2674 apud
711 2596 900 2655 Bethamium
924 2598 943 2653 l.
960 2618 982 2655 c.
999 2617 1027 2673 p.
1043 2591 1173 2654 XXXV
1189 2616 1289 2655 errore
1309 2603 1398 2672 typo·

342 2685 484 2762 graphice
512 2686 634 2764 insuper
657 2691 797 2763 corrupta
821 2686 856 2743 ef.
879 2686 1006 2744 Betham
1030 2685 1073 2758 H,
1096 2707 1124 2763 p.
1150 2685 1212 2743 386
1241 2719 1277 2728 -
1304 2705 1321 2741 a
1345 2685 1398 2742 Ti·

341 2775 468 2833 reehano
492 2781 573 2833 certo
598 2774 765 2852 conscripta
788 2794 846 2832 non
869 2782 947 2848 sunt,
971 2773 1040 2851 quia
1063 2773 1295 2851 repugnantiis,
1320 2793 1399 2849 quae

341 2863 373 2921 in
388 2862 462 2942 ipsis
477 2865 719 2923 annotationibus
736 2862 919 2922 Tirechanus
935 2864 1061 2942 scripsit.
1096 2863 1172 2922 Nam
1188 2862 1236 2920 hic
1253 2863 1399 2939 scriptum

343 2958 388 3011 est
415 2954 476 3023 „72
504 2973 596 3012 aanor
624 2951 741 3012 domit“
765 2954 813 3027 (ef.
836 2951 964 3012 Betham
987 2952 1030 3026 II,
1058 2974 1087 3031 p.
1112 2952 1197 3026 386),
1226 2951 1287 3009 illie
1311 2951 1398 3010 Tire-

343 3041 453 3099 chanus
477 3042 569 3099 refert
592 3043 634 3118 (p.
657 3040 753 3116 XIX)
777 3041 942 3099 Patricium
965 3041 996 3099 in
1012 3041 1190 3099 Hiberniam
1213 3040 1328 3098 venisse
1351 3060 1399 3098 se·

343 3128 438 3189 cundo
462 3130 541 3205 regis
556 3129 680 3206 Logairi
703 3149 780 3186 anno
804 3136 834 3188 et
857 3135 1006 3188 mortuum
1029 3150 1092 3188 esse
1115 3130 1230 3188 duobus
1246 3130 1293 3188 vel
1310 3128 1398 3205 quin·

342 3218 399 3296 que
430 3219 516 3276 annis
546 3225 615 3277 ante
646 3218 770 3277 eundem
801 3238 913 3294 regem,
950 3218 1001 3294 qui
1033 3219 1073 3276 33
1103 3237 1195 3276 annos
1226 3217 1399 3293 regnavisse

341 3312 506 3387 putaretur.

298 3399 326 3454 7.
344 3398 480 3471 Quatuor
495 3396 711 3468 similitudines,
736 3416 811 3472 quae
827 3394 959 3454 Patricio
977 3415 1043 3453 oum
1058 3394 1135 3453 Mosi
1151 3398 1236 3453 erant
1253 3394 1396 3469 (Betham

342 3487 361 3543 l.
386 3506 409 3543 c.
433 3506 462 3563 p.
484 3485 635 3561 XXXV).

297 3575 326 3632 8.
343 3572 510 3633 Annotatio
535 3575 571 3632 de
586 3574 650 3632 loco
665 3572 718 3631 ubi
733 3572 882 3632 Patricius
898 3573 1031 3650 sepultus
1047 3578 1091 3631 est
1107 3571 1246 3648 (Betham
1262 3573 1397 3650 ibidem).

362 3663 429 3720 Hae
460 3663 535 3721 duae
558 3662 766 3721 annotationes
796 3661 854 3719 sibi
883 3662 1010 3720 invicem
1036 3669 1218 3738 repugnant,
1249 3683 1317 3720 nam
1345 3660 1400 3722 ubi

274 3771 339 3812 osso
362 3748 423 3831 que
445 3749 502 3809 ciret
523 3750 667 3832 neminem
689 3749 800 3809 accuse
822 3756 951 3810 testatur
968 3754 995 3823 7,
1020 3757 1123 3809 contra
1145 3746 1398 3830 subtrepidare

273 3837 399 3899 Potmcii
420 3848 490 3900 esset
506 3840 666 3900 Columbae
682 3840 801 3898 Hiiensi
824 3841 986 3898 revelatum
1004 3860 1067 3898 esse
1084 3840 1246 3897 confirmat.
1285 3839 1397 3915 Itaque

273 3930 311 3987 ab
336 3928 438 3987 eodem
462 3929 589 4006 scriptae
612 3949 670 3988 non
695 3934 764 3987 sunt
787 3929 835 4004 (ef.
861 3927 958 3988 Skene
981 3928 1024 4001 II,
1048 3950 1076 4005 p.
1101 3929 1187 4004 432).

297 4019 325 4075 9.
342 4015 507 4077 Annotatio
535 4018 571 4076 de
594 4017 730 4077 Palladio
754 4022 784 4076 et
806 4017 938 4076 Patricio
963 4038 980 4075 a
1003 4016 1172 4076 Coelestino
1195 4037 1273 4095 papa
1296 4018 1396 4079 missis

347 4228 357 4257 ¹
376 4226 516 4296 Equidem
530 4227 681 4280 Tirechani
699 4226 803 4280 librum
824 4230 951 4280 extrema
969 4245 996 4295 p.
1012 4225 1144 4280 XXXIV
1165 4227 1310 4280 terminari
1329 4243 1394 4295 per·

272 4315 437 4368 persuasum
456 4299 525 4352 mihi
544 4298 643 4354 habeo.
777 4304 781 4311 ’
