3024 4920
649 237 869 295 ..72-

199 419 359 477 solventur.
394 417 471 476 Nam
495 435 560 473 cum
584 415 686 473 eodem
702 433 788 484 anne,
812 433 870 488 quo
888 411 1056 471 Oumeanus
1073 410 1198 489 Segenio
1214 431 1323 470 renun-

199 505 297 578 ciavit,
321 505 460 563 Hiienses
484 510 656 562 consecrato
676 502 933 577 Nordanhymbris
957 502 1095 579 episcopo
1119 501 1323 578 principatum

201 614 285 652 suum
317 595 398 652 ultra
420 593 576 651 Pictorum
603 592 678 651 fines
707 593 739 650 11
766 592 861 668 ipsam
883 590 1072 649 Britanniam
1094 589 1322 667 promovissent,

198 682 267 741 inde
297 684 335 740 ab
366 703 443 740 anno
469 682 533 739 634
556 682 656 760 potior
683 701 753 759 pars
783 679 923 739 ecclesiae
946 677 1263 738 Hiberno·Scotorum
1290 679 1323 736 in

197 771 425 849 septentrionali
446 769 605 829 Britannia
629 776 701 842 erat,
724 769 756 827 in
778 768 887 827 finibus
906 768 1069 841 Pictorum,
1093 767 1249 826 Scotorum
1265 765 1321 825 Al·
1383 837 1384 840 Ἰ

199 859 381 932 benensium,
404 859 719 935 Nordanhymbrorum
742 858 925 934 aliorumque
949 856 1108 915 Saxonum.

289 947 349 1007 Sed
383 968 473 1007 unam
508 956 596 1008 antea
627 967 793 1026 proponere
823 946 913 1005 liceat
943 945 1153 1022 quaestionem.
1206 944 1322 1017 Nonne,

198 1057 317 1112 quaeso,
341 1056 407 1096 cnm
430 1043 492 1095 tam
515 1037 601 1096 facile
625 1043 655 1096 et
678 1042 740 1094 tam
756 1036 892 1095 celeriter
907 1035 1046 1096 australis
1061 1033 1227 1093 Hiberniae
1243 1035 1321 1111 epis-

151 1176 153 1183 .
199 1126 266 1203 copi
282 1146 347 1184 cum
363 1125 507 1185 Romanis
521 1127 694 1186 societatem
709 1125 1016 1196 inierint,'absurdum
1032 1128 1084 1196 est,
1101 1143 1166 1181 cum
1181 1122 1322 1181 Ebrardo

199 1222 308 1292 putare
331 1221 362 1272 et
384 1214 520 1274 doctrina
543 1223 573 1274 et
596 1215 726 1273 moribus
749 1216 837 1290 longe
860 1213 1008 1273 diversam
1030 1211 1119 1271 fuisse
1143 1232 1161 1269 0
1183 1212 1322 1270 Romana

197 1303 351 1362 ecclesiam
368 1303 544 1362 Scotorum?
583 1302 636 1362 An
658 1303 799 1362 credibile
822 1310 867 1363 est
883 1302 1074 1374 Cumeanum,
1097 1300 1123 1358 si
1146 1300 1190 1359 ita
1206 1301 1320 1374 fuisset,

196 1392 233 1452 de
264 1393 347 1450 nulla
377 1393 436 1451 alia
466 1413 498 1450 10
529 1392 588 1451 1101
604 1393 655 1466 ¹de
686 1392 870 1451 celebrandis
897 1392 982 1450 festis
1004 1389 1192 1468 paschalibus
1215 1389 1320 1448 diebus

196 1479 325 1557 Segenio
349 1480 525 1559 scripsisse?
561 1481 641 1554 Quin
665 1481 754 1540 etiam
777 1481 841 1558 ipse
864 1500 943 1558 papa
967 1500 1033 1538 cum
1050 1478 1146 1538 Scotis
1169 1498 1259 1555 agens
1282 1477 1320 1535 de

197 1570 281 1627 nulla
303 1569 362 1628 alia
384 1590 416 1628 re
440 1570 498 1629 nisi
513 1571 550 1628 de
566 1571 768 1630 controversia
783 1569 915 1648 paschali
931 1575 962 1628 et
977 1570 1013 1627 de
1028 1567 1192 1644 Pelagiana
1206 1567 1322 1625 haeresi

196 1663 302 1735 utpote
330 1658 410 1735 apud
434 1657 539 1718 Scotos
561 1659 771 1720 revisviscente
794 1660 886 1718 verba
908 1659 980 1717 fecit
1003 1657 1099 1732 (Beda
1120 1657 1149 1714 h.
1172 1676 1198 1714 e.
1222 1657 1251 1728 2,
1278 1656 1318 1712 19

196 1747 215 1824 ξ
242 1745 305 1804 144
321 1750 378 1823 sq.)
403 1781 445 1792 —
470 1747 669 1826 Conspicuam
692 1749 767 1807 illud
789 1748 924 1821 alterum,
949 1747 1006 1807 etsi
1020 1746 1158 1805 Ebrardo
1182 1747 1224 1823 (p
1243 1745 1320 1821 171)

195 1835 288 1897 risum
319 1836 426 1909 movit,
457 1836 569 1914 quippe
596 1837 648 1913 qui
676 1856 736 1896 non
759 1837 931 1914 cognoverit
953 1837 984 1894 in
1008 1837 1084 1894 libro
1108 1833 1320 1897 ardmachano

195 1923 320 2001 singulis
345 1925 480 2002 epistulis
496 1925 632 2000 Paulinis
655 1947 673 1985 a
688 1926 820 1985 librariis
834 1925 997 2003 praemissa
1012 1945 1076 1984 esse
1092 1927 1268 2000 argumenta
1284 1943 1321 1981 ex

194 2012 313 2090 Pelagii
332 2013 362 2071 in
385 2015 527 2090 epistulas
543 2015 685 2076 Paulinas
700 2015 933 2093 expositionibus
949 2016 1104 2090 desumpta
1119 2012 1260 2088 (Betham
1275 2010 1319 2080 H,

195 2123 225 2179 p.
251 2104 311 2160 261
339 2105 425 2179 sqq).
465 2104 548 2176 Quae
570 2110 671 2163 utrum
693 2104 817 2181 Pelagio
841 2125 880 2163 an
899 2104 1082 2179 Hieronymo
1105 2102 1236 2179 ascripta
1258 2099 1320 2158 sint

196 2191 228 2247 in
251 2191 329 2249 libro
353 2191 571 2265 Ardmachano,
595 2193 702 2268 nescio,
725 2215 793 2252 nam
817 2213 911 2268 neque
934 2192 1109 2252 Bethamius
1133 2209 1229 2266 neque
1245 2188 1318 2248 Ske-

196 2278 264 2337 nius
287 2278 343 2353 (II,
367 2300 396 2355 p.
421 2280 498 2354 424)
522 2281 559 2338 de
586 2282 641 2339 hac
669 2303 701 2340 re
729 2283 821 2341 verba
843 2283 986 2340 fecerunt.
1031 2280 1091 2340 Sed
1114 2300 1179 2338 cum
1203 2283 1320 2338 constet

197 2367 314 2444 Pelagii
337 2368 536 2445 expositiones
558 2369 646 2428 hodie
669 2370 797 2430 inveniri
819 2371 899 2428 inter
920 2369 1096 2445 Hieronymi
1120 2389 1218 2446 opera,
1244 2387 1320 2444 quae

196 2457 318 2515 summis
341 2456 373 2514 in
396 2458 557 2517 honoribus
578 2459 659 2537 apud
675 2458 778 2520 Scotos
794 2459 989 2531 habebantur,
1013 2458 1117 2517 Scotos
1133 2463 1237 2534 aperte
1253 2477 1322 2515 cum

196 2544 320 2620 Pelagio
351 2547 476 2606 sensisse
507 2567 566 2606 non
597 2548 693 2607 credo.
741 2549 854 2626 Tamen
883 2547 983 2607 fictam
1006 2548 1096 2606 fuisse
1119 2547 1200 2606 illam
1224 2564 1321 2623 papae

195 2633 460 2708 insimulationem,
492 2637 558 2711 quis
588 2637 765 2696 contendere
795 2636 926 2696 audeat?
973 2636 1033 2695 Sed
1061 2656 1125 2694 cum
1149 2635 1207 2693 alia
1230 2635 1321 2711 hujus

194 2722 237 2780 rei
262 2721 365 2781 certa1
389 2723 499 2782 mentio
522 2744 582 2783 101
605 2732 753 2798 occurrat,
785 2731 889 2784 contra
912 2746 978 2783 cum
1001 2725 1065 2803 ipse
1088 2724 1246 2783 Wilfridus
1270 2723 1321 2799 (de

194 2831 253 2887 quo
283 2812 376 2888 infra)
407 2833 484 2872 anno
517 2815 580 2872 680
607 2835 667 2894 pro
695 2813 775 2873 01111
801 2811 962 2894 aquilonali
980 2821 1071 2893 parta
1093 2810 1271 2872 Britanniae
1294 2820 1322 2872 01

195 2897 355 2960 1111011100
382 2898 497 2972 insulis,
525 2923 598 2984 quaa
626 2902 663 2963 06
687 2901 854 2985 1119101011
878 2901 1088 2962 0113111οη1111
1114 2897 1320 2962 100001800-

192 2997 292 3048 torum
314 2986 509 3049 01Ρ10101011
529 2990 659 3070 paulibus
682 2989 849 3052 colebantur
872 3010 972 3050 001011
995 3000 1021 3052 01
1036 2988 1209 3050 catholicam
1221 2989 1320 3073 fidam

194 3079 381 3136 confessus
396 3079 446 3136 sit
458 3079 741 3156 (Stephanllddius
757 3081 810 3140 vit.
822 3081 921 3138 Wilfr.
937 3101 961 3138 c.
979 3080 1020 3139 50
1036 3081 1115 3139 Mab.
1128 3079 1209 3138 Acta
1224 3079 1280 3153 IV,
1301 3081 1316 3143 l

194 3185 264 3243 app.
280 3187 309 3244 p.
327 3167 414 3242 710),
437 3167 557 3226 levioris
580 3169 722 3227 momenti
744 3189 803 3227 non
820 3190 882 3228 esse
902 3189 962 3227 101
977 3175 1076 3246 potest
1092 3169 1143 3227 illa
1159 3169 1319 3228 accusatio.

194 3252 368 3314 Praeterea:
393 3255 460 3332 quis
482 3256 586 3316 tulerit
609 3256 759 3317 Gracchos
782 3258 819 3316 de
843 3258 986 3317 seditione
1010 3259 1179 3335 querentes!

284 3344 400 3404 Omissa
430 3345 524 3421 igitur
552 3347 609 3405 hac
638 3347 858 3406 insimulatione
889 3367 944 3424 pro
975 3354 1057 3406 00110
1079 3348 1250 3405 habendum
1273 3353 1320 3406 est

194 3432 346 3492 ecclesiam
370 3433 526 3493 Scotorum
550 3434 712 3494 Columbae
741 3442 840 3495 aetate
863 3456 929 3494 cum
952 3435 1099 3494 catholica
1121 3436 1158 3494 de
1180 3435 1320 3495 doctrina

193 3521 282 3598 plane
313 3523 502 3582 consensisse.
548 3523 625 3599 Nam
654 3545 729 3601 quae
752 3526 908 3584 Hbrardus
935 3525 1062 3600 protulit
1089 3525 1125 3582 de
1148 3529 1320 3584 sanctorum

195 3616 225 3667 et
247 3610 439 3685 reliquiarum
464 3612 545 3671 cultu
568 3619 673 3691 utpote
696 3635 714 3672 0
730 3613 828 3672 Scotis
850 3612 1008 3689 repudiato
1032 3620 1063 3671 et
1086 3613 1122 3671 de
1142 3613 1319 3690 virginitate

194 3697 226 3756 in
257 3699 378 3758 summis
408 3700 569 3760 honoribus
592 3717 660 3761 'non
687 3702 804 3774 habita,
834 3708 896 3760 tam
920 3701 998 3760 levia
1021 3708 1103 3774 sunt,
1134 3708 1169 3761 11
1191 3721 1257 3760 cum
1280 3722 1320 3760 ex

193 3787 266 3864 ipsis
290 3791 362 3862 ejus,
385 3789 421 3846 de
442 3809 500 3865 qua
516 3790 639 3867 agimus,
663 3792 770 3850 aetatis
786 3790 964 3864 testimoniis
980 3791 1093 3848 nullum
1109 3796 1318 3867 argumentum

193 3875 349 3934 Ebrardus
377 3878 549 3954 protulerit,
578 3880 651 3938 mihi
678 3885 848 3959 pertaesum
871 3879 923 3951 sit,
953 3879 1041 3956 plura
1064 3880 1101 3937 de
1124 3881 1179 3938 hac
1201 3899 1234 3937 re
1257 3879 1318 3938 dis·

193 3970 309 4042 putare.
355 3963 436 4026 Satis
466 3967 591 4027 habeam
621 3989 790 4027 asseverare
820 3987 866 4026 me
898 3967 1010 4024 nullum
1041 3968 1180 4026 clericum
1208 3969 1317 4026 nedum

193 4113 404 4124 *a

268 4191 277 4221 ¹
298 4191 396 4262 Neque
410 4193 541 4247 Usserius
554 4194 590 4247 ds
603 4192 812 4263 Pelagianismo
825 4193 855 4246 in
865 4193 1014 4247 Britannia
1026 4194 1214 4249 reviviscente
1228 4194 1317 4248 disse·

192 4274 257 4315 rens
282 4263 489 4331 (Gottesohalci
514 4267 544 4317 et
566 4263 847 4318 Praedestinatianae
871 4266 1081 4318 controversiae
1105 4266 1140 4318 ab
1166 4282 1198 4320 eo
1221 4269 1317 4320 motae

192 4332 318 4388 historia.
357 4335 515 4390 Hanoviae.
536 4334 614 4389 1662.
646 4353 673 4403 p.
695 4337 709 4388 1
730 4337 803 4404 sqq.)
822 4336 905 4403 plura
929 4337 1027 4389 attulit
1045 4341 1124 4390 certa
1143 4337 1316 4392 testimonia.
