3024 4920
573 217 791 273 ..23-

128 395 224 472 (Beda
246 396 274 452 h.
295 416 319 453 e.
338 397 365 470 1,
382 398 422 454 27
440 398 457 474 §
475 394 538 472 65).
583 394 687 470 Neque
708 395 845 471 ignorare
869 394 967 472 potuit
990 393 1151 472 Gregorius
1173 395 1243 455 Bri·

126 491 211 544 tones
242 505 392 562 nunquam
415 485 497 563 genti
522 483 673 543 Saxonum
696 504 761 542 cum
789 484 861 561 ipsis
888 483 1075 544 Britanniam
1103 485 1244 545 incolenti

127 576 250 635 verbum
272 573 342 634 fidei
364 573 561 652 praedicando
590 573 768 633 commisisse
799 573 894 649 (Beda
916 575 945 635 b
969 594 992 632 e.
1019 575 1046 647 1,
1071 575 1111 633 22
1137 575 1154 652 ξ
1180 575 1242 652 50).

215 663 303 723 Hane
326 665 420 742 ipsam
444 665 482 722 ob
507 683 623 723 eausam
647 661 849 739 Augustinum
872 659 1019 743 adjutorio
1041 684 1127 723 usum
1142 661 1242 724 Aedil-

127 752 214 814 bercli
230 749 458 813 Gannascum
480 750 555 833 repra
578 771 746 812 convocasse
767 751 809 811 od
832 748 1007 833 colloquium
1022 751 1171 835 epsicopus
1188 752 1244 815 sice

127 843 256 904 doctores
283 841 443 922 prosimos
471 837 632 902 Britonum
659 839 830 922 presenciae
861 841 947 901 testis
978 847 1023 901 est
1049 842 1133 902 Beda
1156 844 1196 919 (h.
1219 865 1243 902 e.

128 935 157 1006 2,
182 935 199 990 2
226 933 243 1009 ξ
269 933 323 1008 91)
346 932 430 1009 isque
453 931 510 990 fide
533 931 649 1008 dignus.
693 930 786 1004 Nam,
810 931 836 990 si
857 931 945 1008 longe
967 931 1035 991 aliis
1057 933 1144 992 rebus
1168 953 1243 992 oom-

127 1029 223 1082 motus
248 1026 324 1080 esset
346 1020 547 1098 Augustinus,
571 1028 604 1080 ut
627 1025 730 1098 ageret
753 1041 819 1079 cum
842 1021 1030 1095 Britonibus‚
1054 1027 1153 1080 tamen
1175 1042 1243 1099 pru·

127 1110 224 1170 dentis
247 1110 350 1170 fuisset
372 1111 403 1169 in
427 1111 571 1186 colloquio
595 1110 664 1169 inde
686 1130 849 1171 sermonem
870 1110 985 1183 ducere,
1008 1111 1088 1188 quod
1104 1110 1245 1172 Britones

127 1201 157 1259 in
182 1200 385 1260 convertendis
409 1200 446 1260 ad
470 1199 661 1260 christianam
683 1198 770 1258 fidem
787 1198 953 1259 Saxonibus
976 1200 1105 1259 nondum
1128 1201 1243 1260 labore·

127 1290 246 1363 sissent,
271 1295 361 1365 atque
385 1289 507 1349 eandem
530 1290 589 1348 vim
613 1289 725 1349 hebent
747 1289 847 1363 verba,
870 1310 946 1366 quae
962 1289 1101 1349 Britones
1124 1311 1243 1368 respon·

127 1379 247 1452 derunt,
279 1378 340 1438 sive
364 1379 478 1438 sincera
501 1379 559 1438 fuit
582 1379 644 1439 sive
667 1379 806 1439 simulata
827 1377 993 1456 Augustini
1014 1399 1068 1456 pro
1091 1379 1244 1456 evangelio
1356 1398 1361 1407 ·

127 1467 240 1528 Christi
268 1488 347 1526 eura.
391 1468 558 1529 Noluerunt
585 1468 663 1527 enim
694 1488 753 1527 una
785 1489 850 1527 curn
876 1467 1049 1545 Augustino
1078 1467 1245 1528 Senonibus

127 1558 251 1618 v'erbum
273 1557 396 1617 Domini
418 1558 591 1636 praedicere
614 1557 710 1633 (Beda
725 1558 753 1616 b.
770 1578 793 1615 e.
811 1559 839 1631 2,
857 1559 875 1615 2
894 1558 911 1635 ξ
930 1559 992 1636 93).
1024 1558 1090 1632 Qua
1105 1559 1142 1618 de
1157 1579 1246 1618 cause

126 1647 304 1707 noluerunt?
338 1647 461 1708 Famam
484 1647 640 1726 perhibere
655 1646 794 1706 Britones
817 1647 956 1726 superbia
973 1647 1137 1724 Augustini
1152 1648 1245 1708 natos

127 1758 189 1797 esse
213 1737 309 1812 (Beda
324 1736 352 1795 h.
369 1758 393 1796 e.
411 1738 439 1810 2,
458 1738 476 1794 2
493 1737 512 1814 ξ
529 1737 583 1813 93)
606 1757 692 1797 nemo
716 1743 769 1810 est,
792 1737 844 1813 qui
866 1738 988 1796 nesciat.
1026 1737 1084 1796 Sed
1108 1738 1133 1797 si
1156 1758 1243 1814 pone·

127 1847 225 1886 remus
240 1847 344 1886 revere
360 1827 459 1885 omnis
473 1826 518 1885 ita
533 1846 596 1886 esse
620 1833 695 1900 seta,
717 1832 752 1887 ut
774 1828 854 1885 fama
876 1826 1022 1904 perhibet,
1045 1827 1156 1886 nemini
1178 1847 1243 1904 per·

127 1916 302 1976 suaderetur
331 1935 449 1974 causam
476 1915 620 1975 renuendi
643 1937 661 1975 e
684 1916 822 1992 superbia
849 1916 901 1975 illa
924 1915 1082 1992 repetitam
1105 1937 1123 1974 a
1146 1915 1243 1976 Brito-

127 2006 215 2064 nibus
236 2004 444 2083 interpositam
467 2025 527 2064 non
550 2025 621 2064 esse.
667 2004 750 2078 Quae
773 2004 893 2063 taudem
918 2011 982 2064 erat
1005 2005 1112 2064 causa?

218 2093 291 2152 Tria
326 2115 390 2154 cum
427 2092 620 2171 Augustinus·
648 2094 786 2153 tradatur
820 2095 983 2171 postulasse
1014 2115 1031 2152 a
1060 2094 1244 2169 Britonibus,

126 2185 267 2263 primum,
290 2191 323 2242 ot
343 2180 454 2262 posobo
475 2203 529 2243 suo
551 2191 678 2264 tempore
700 2179 885 2260 celebrares,
914 2188 977 2243 tum
1000 2192 1033 2242 ul
1055 2182 1245 2244 mimbterdom

127 2271 298 2353 baptizandi
312 2268 402 2354 jurio
424 2292 537 2353 morem
557 2281 672 2333 cunelae
695 2269 850 2332 Romanos
872 2281 898 2332 et
920 2271 1092 2353 apostolicae
1114 2270 1245 2335 scobere

127 2359 314 2443 complerent,
346 2362 474 2440 denique
501 2371 532 2422 ol
556 2361 635 2444 perui
659 2358 828 2443 simplorum
854 2381 915 2421 una
941 2382 1008 2422 eum
1034 2361 1105 2445 spera
1127 2360 1245 2422 vebum

128 2448 254 2512 Domini
261 2450 470 2531 praetimerent
486 2453 582 2528 (Beda
597 2454 615 2510 l.
632 2455 677 2529 a),
702 2451 818 2511 exsistit
833 2453 976 2528 quaestio,
991 2458 1091 2512 utrum
1104 2452 1244 2513 Britones

129 2540 251 2599 tertium
273 2541 348 2600 illud
376 2541 541 2615 renuerint,
572 2542 643 2618 quia
670 2541 771 2618 priora
797 2542 893 2599 facere
916 2543 1088 2615 noluerunt,
1119 2563 1157 2602 an
1181 2542 1243 2603 vice

129 2649 213 2690 versa
235 2630 307 2690 haee
330 2630 388 2691 duc
411 2632 572 2704 renuerint,
597 2631 666 2708 quia
689 2631 763 2689 illud
784 2630 1024 2709 repudiaverunt.

218 2717 284 2781 Aut
306 2721 361 2780 hoc
384 2727 436 2780 aut
459 2721 533 2780 illud
555 2720 762 2780 affirmandum
785 2728 837 2780 est.
883 2720 911 2778 Ii
935 2721 1025 2793 onim,
1049 2721 1100 2798 qui
1122 2721 1244 2781 tertium

128 2804 248 2887 aliquod
271 2810 328 2870 sibi
351 2809 467 2888 fingunt
491 2810 673 2870 affirmantes
695 2809 835 2869 Britones
863 2810 973 2887 quippe
999 2810 1108 2869 liberos
1134 2810 1243 2887 princi·

127 2905 201 2978 patu
216 2899 345 2960 Romani
366 2899 515 2976 pontificis
531 2900 660 2957 noluisse
683 2918 713 2956 se
737 2897 882 2972 subjicere
897 2898 1099 2957 Romanorum
1115 2899 1243 2959 dominio

131 3024 167 3031 -
194 2990 243 3047 vel
266 2988 375 3065 quippe
404 3006 508 3064 puram
538 2987 683 3064 evangelii
710 2986 874 3046 doctrinam
903 2987 1046 3047 habentes
1073 2988 1244 3067 repudiasse

128 3077 361 3136 communionem
378 3096 443 3135 cum
460 3076 581 3137 ecclesia
597 3075 750 3150 catholica,
766 3075 953 3136 vehementer
968 3083 1076 3137 errant.
1107 3076 1245 3138 Alteram

82 3186 84 3190 ·
127 3167 208 3226 illam
235 3167 341 3225 falsam
368 3166 536 3245 opinionem
565 3166 681 3240 omitto,
717 3186 785 3225 nam
812 3165 971 3226 Britonum
1003 3168 1154 3227 ecelesiam
1186 3167 1244 3228 fide

128 3277 315 3334 nequaquam
345 3256 516 3316 dissensisse
547 3257 585 3316 ab
615 3256 732 3316 unitate
762 3255 919 3329 catholica,
955 3256 1028 3316 satis
1051 3279 1067 3316 e
1095 3257 1244 3335 prioribus

128 3352 254 3427 apparet
288 3367 383 3423 neque
415 3365 489 3424 opus
524 3352 569 3406 est
599 3347 737 3423 colligere
768 3345 937 3405 testimonia
968 3365 1004 3404 ex
1033 3346 1126 3424 ipsius
1156 3347 1244 3423 hujus

127 3437 234 3495 tertiae
258 3436 366 3496 aetatis
389 3435 591 3513 scriptoribus.
629 3435 717 3494 Prior
740 3440 839 3494 autem
862 3434 913 3493 illa
936 3435 1084 3495 sententia
1107 3436 1194 3496 elaris
1210 3457 1244 3496 ae

129 3525 224 3602 plenis
247 3525 425 3585 testimoniis
449 3525 500 3586 vix
522 3524 648 3583 refutari
671 3529 784 3602 potest,
817 3545 870 3583 nec
899 3530 999 3584 tamen
1030 3525 1151 3584 dubium
1182 3546 1244 3585 esse

128 3618 240 3689 potest,
271 3615 341 3690 quin
368 3617 444 3674 falsa
472 3614 523 3688 sit,
556 3634 725 3691 quanquam
752 3614 815 3691 ipse
838 3614 1012 3674 Warrenius
1035 3616 1076 3692 (p.
1100 3616 1141 3672 29
1165 3617 1243 3692 sqq.)

128 3701 197 3761 huic
225 3704 387 3763 sententiae
416 3705 535 3765 videtur
561 3705 670 3764 favere.
715 3702 904 3780 Argumenta
936 3704 1012 3762 enim
1042 3724 1101 3763 non
1129 3705 1244 3764 desunt.

128 3792 205 3853 Nam
221 3791 333 3869 primae
349 3794 455 3853 aetatis
471 3793 629 3853 Britonum
645 3793 796 3852 eeclesiam
812 3793 878 3871 pari
898 3793 984 3852 modo
1007 3799 1096 3870 atque
1120 3793 1243 3852 aliarum

129 3881 348 3961 provinciarum
365 3884 501 3942 ecclesias
513 3883 666 3942 Romanae
682 3882 818 3941 ecclesiae
835 3881 971 3960 episcopo
995 3883 1106 3962 primas
1129 3882 1244 3941 dedisse

128 3970 316 4031 manifestum
350 3977 402 4030 est.
455 3971 506 4031 An
537 3975 604 4048 jure
633 3971 808 4031 Warrenius
843 3973 883 4049 (p.
916 3972 958 4031 30
989 3975 1080 4049 sqq),
1116 3970 1244 4031 Schoelii

128 4061 243 4120 nescius
269 4060 396 4137 vestigia
426 4067 543 4121 secutus
573 4061 660 4120 fidem
691 4060 850 4138 abrogavit
875 4060 1022 4138 Prospero
1051 4060 1244 4138 Aquitanico,

129 4151 181 4227 qui
201 4184 238 4193 —
256 4156 375 4229 praeter
397 4151 492 4208 locum
515 4151 598 4208 illum
621 4172 657 4210 ex
673 4151 828 4209 annalibus
844 4149 1000 4209 (lambrias
1013 4171 1106 4228 supra
1121 4151 1243 4210 allatum

128 4241 170 4317 (p.
197 4241 250 4315 12)
275 4244 305 4298 et
327 4246 447 4318 praeter
469 4238 595 4311 Bedam,
626 4240 677 4318 qui
705 4240 740 4298 de
773 4239 907 4300 civilibus
930 4240 1017 4298 rebus
1040 4240 1159 4299 ineunte
1182 4259 1243 4298 sae·

129 4329 193 4388 errlo
224 4329 329 4408 quinto
361 4349 427 4388 cum
457 4327 600 4390 Romanis
629 4329 805 4391 Britonibus
839 4328 991 4406 negotium
1025 4329 1115 4388 fuisse
1152 4329 1244 4387 refert
