3024 4920
569 240 788 304 ...19...

122 427 255 505 exemplo
289 426 463 486 confirmare
495 446 656 504 possumus.
702 425 796 504 Apud
827 425 1004 502 Gregorium
1035 421 1112 484 enim
1145 417 1238 486 Ture·

121 539 240 576 nensem
263 517 387 594 legimus
410 515 588 575 Maeliavum
612 515 766 592 quendam,
791 515 954 588 Britonem,
978 517 1101 574 fratrem
1123 514 1238 574 Chana-

121 608 185 666 onis
210 607 292 665 ducis
315 606 498 678 Armoricae,
531 601 693 664 Veneticum
715 602 815 664 urbem
840 605 871 679 (i.
892 626 917 664 e.
934 605 1068 682 Vannes)
1093 604 1261 684 reputarer

120 694 214 776 ibique
235 703 417 756 toruurotum
440 693 606 777 episcopum
628 713 686 754 esse
709 693 886 765 ordinatura,
911 702 1025 754 mrtuo
1049 691 1146 754 aaran
1163 691 1239 752 Cla-

121 804 213 844 aooue
229 789 267 860 (a.
283 785 311 843 d.
330 784 411 861 553)Ι
430 783 635 863 apostolocisse
658 792 683 843 et
706 781 836 842 missis
860 781 973 862 cupillis
996 803 1127 854 errorem,
1151 803 1240 864 quma

120 883 187 953 post
214 873 377 934 clementum
400 870 563 955 reliqueret,
586 894 653 933 cura
674 892 763 953 repno
782 864 892 954 fratris
918 869 1006 932 simul
1031 871 1172 952 coemisse
1198 907 1241 915 -

122 962 173 1024 aed
200 962 238 1022 ob
265 962 404 1045 episcopis
428 999 469 1008 —
493 963 588 1039 iisque
615 963 718 1040 procul
747 962 836 1020 dubio
864 961 1039 1020 Britonibus
1066 997 1102 1005 —
1129 981 1239 1022 eurora·

121 1051 301 1112 mercantum
323 1071 381 1111 esse
404 1053 444 1127 (h.
461 1074 484 1110 e.
500 1053 557 1126 IV,
574 1053 603 1109 4.
619 1053 659 1110 H.
675 1052 733 1110 and
750 1051 793 1110 St.
810 1051 852 1125 II,
873 1054 898 1125 1,
914 1072 942 1130 p.
960 1054 978 1109 7
983 1052 1023 1128 5).

210 1142 362 1201 Refutatis
391 1143 496 1219 igitur,
527 1161 602 1217 quae
630 1143 666 1199 de
695 1142 880 1200 sacerdotum
910 1141 1105 1199 matrimoniis
1133 1142 1170 1198 ab
1195 1161 1240 1198 ec-

123 1232 211 1290 clesia
233 1231 391 1290 Britonum
415 1232 548 1308 probatis
572 1252 714 1309 persaepe
737 1237 807 1290 sunt
831 1232 909 1303 fieta,
932 1231 1097 1308 peculiares
1121 1237 1151 1288 et
1173 1244 1240 1307 pro-

122 1322 202 1398 prios
238 1321 397 1379 Britonum
439 1341 534 1379 mores
568 1321 624 1378 hoc
657 1322 721 1380 loco
756 1341 815 1379 non
850 1321 1015 1379 invenimus
1049 1320 1105 1377 nisi
1140 1320 1241 1378 hosce:

122 1411 372 1488 computationem
407 1410 559 1488 propriam
593 1411 662 1469 festi
702 1411 849 1489 paschalis
889 1417 918 1468 et
957 1410 1137 1487 peculiarem
1176 1415 1241 1468 ton·

122 1520 207 1559 surae
230 1500 363 1558 formam.

212 1588 364 1648 Paschclis
388 1589 482 1662 illius,
513 1594 548 1647 ut
570 1589 614 1648 ita
637 1589 748 1662 dicam,
780 1589 859 1647 inter
882 1588 1031 1647 Romanam
1060 1595 1090 1646 et
1113 1586 1243 1647 Oelticas

123 1678 261 1737 ecclesias
296 1678 514 1738 controversiae
553 1679 701 1756 principia
740 1679 937 1738 astronomica
972 1683 1002 1735 et
1037 1677 1243 1755 chronologica

122 1768 218 1826 denuo
236 1768 418 1845 perscrutari
434 1788 531 1826 meum
547 1787 606 1825 non
622 1769 735 1845 putavi,
760 1774 804 1826 est
829 1767 906 1826 enim
927 1787 974 1825 res
992 1767 1117 1825 maxime
1133 1768 1242 1825 odiosa.

124 1855 212 1915 Teste
243 1856 381 1915 Ebrardo
414 1858 454 1934 (p.
481 1859 622 1932 19-78)
655 1857 855 1916 controversie
890 1877 949 1914 non
981 1861 1046 1914 erat
1076 1857 1113 1913 de
1146 1857 1243 1932 cyclis,

124 1945 231 2023 quibus
255 1945 324 2004 festi
347 1945 410 2003 dies
434 1946 586 2023 paschales
616 1951 873 2023 computarentur,
909 1945 959 2004 sed
991 1945 1088 2023 posita
1117 1952 1181 2003 erat
1213 1946 1243 2002 in

125 2055 159 2094 ec
183 2056 224 2107 re,
247 2025 356 2108 utrum,
381 2055 446 2093 cum
469 2035 558 2113 primi
581 2042 649 2111 post
673 2035 891 2113 aequinoctium
915 2034 1070 2112 plenilunii
1093 2034 1155 2093 dies
1172 2035 1203 2110 (i.
1220 2055 1243 2091 e.

123 2124 228 2185 Nisani
251 2124 486 2201 quartadecima)
519 2125 637 2183 caderet
667 2125 697 2183 in
729 2125 806 2183 diem
837 2123 1030 2195 dominicam,
1065 2124 1168 2182 liceret
1189 2125 1244 2182 hac

124 2215 188 2293 ipsa
203 2215 291 2283 lunae
309 2213 530 2291 quartadecima
553 2215 661 2272 festum
686 2214 910 2273 resurrectionis
934 2213 1045 2271 domini
1068 2214 1146 2272 diem
1170 2214 1243 2272 cele·

123 2305 218 2376 brare,
243 2323 342 2362 necne.
388 2303 518 2362 Romani
548 2304 626 2362 enim
656 2304 708 2362 illa
739 2309 837 2363 aetate
868 2305 977 2362 festum
1004 2303 1141 2380 paschale
1165 2304 1245 2361 intra

126 2394 228 2450 lom
244 2399 275 2450 et
292 2394 396 2449 22777)ι
418 2394 506 2450 lunae
531 2393 608 2451 diem
633 2395 823 2453 celebrabant
846 2393 865 2451 i.
882 2412 905 2450 e.
922 2393 1009 2450 lunae
1025 2399 1107 2450 sexta
1123 2392 1245 2465 decima,

124 2501 190 2538 cum
213 2481 406 2558 plenilunium
431 2483 531 2557 (lunae
558 2484 649 2560 ΙΨ)
673 2482 820 2545 inciderat
843 2482 874 2540 in
898 2481 975 2539 diem
1001 2481 1134 2554 Veneris,
1157 2483 1245 2540 lunae

128 2571 206 2626 17¹³⁸
229 2591 294 2629 oum
317 2571 347 2629 in
369 2571 456 2630 Jovia
475 2571 557 2655 diem
581 2578 651 2644 etc.;
674 2572 740 2650 ipsa
764 2575 863 2629 autem
885 2573 973 2629 lunae
996 2570 1075 2627 14¹¹¹²
1095 2573 1244 2629 celebran-

125 2657 194 2716 dum
218 2679 276 2718 non
300 2680 362 2720 esse
386 2661 545 2720 censebant
568 2667 606 2734 et,
636 2661 706 2736 quia
734 2661 905 2738 ambiguum
934 2679 1022 2737 saepe
1047 2666 1122 2719 esset
1151 2660 1244 2737 pleni·

122 2747 197 2807 lunii
219 2752 343 2829 tempus,
367 2771 404 2808 ne
432 2749 510 2808 15³¹*
534 2750 661 2825 quidem.
707 2749 847 2809 Britones
870 2756 969 2806 autem
993 2751 1036 2824 (et
1058 2747 1168 2824 Secti),
1202 2755 1244 2806 et·

122 2837 207 2897 iamsi
224 2837 334 2897 Judaei
355 2839 457 2896 eedem
481 2841 568 2896 lunae
595 2838 673 2895 l4m³
696 2838 806 2915 pascha
830 2857 912 2894 suum
930 2837 1121 2909 celebrarent,
1145 2844 1245 2895 tamen

121 2927 198 2986 hanc
224 2927 313 3000 diem,
346 2947 412 2984 cum
435 2926 578 2984 incideret
600 2927 632 2983 in
655 2926 733 2984 diem
757 2925 948 2999 dominicam,
972 2914 1162 3001 rejiciendam
1185 2944 1245 2984 non

123 3036 185 3074 esse
208 3015 441 3074 arbitrabantur.

212 3103 279 3176 Qua
302 3103 333 3160 in
358 3104 558 3162 controversia
581 3103 690 3163 nullius
713 3103 855 3162 momenti
878 3105 967 3163 fuisse
987 3104 1141 3163 Ebrardus
1165 3103 1244 3163 affir-

122 3199 199 3265 mat,
235 3193 314 3268 quod
337 3192 479 3252 Britones
509 3193 607 3253 lunari
638 3193 790 3270 octoginta
821 3199 950 3271 quatuor
981 3213 1124 3253 annorum
1154 3194 1244 3270 cyclo,

121 3282 250 3341 Romani
281 3283 361 3359 cyclo
386 3280 513 3343 Victorii
544 3282 730 3360 undeviginti
761 3303 916 3356 annorum,
953 3303 1039 3360 quem
1071 3301 1148 3341 anno
1180 3282 1243 3339 465

122 3377 309 3450 receperant,
334 3373 508 3446 utebantur,
538 3379 572 3430 ut
596 3377 817 3450 computarent,
851 3392 939 3449 quam
961 3373 992 3431 in
1016 3372 1093 3430 diem
1117 3371 1245 3449 primum

123 3460 198 3517 illud
220 3462 299 3521 veris
322 3462 519 3541 plenilunium
545 3462 660 3539 (Nisani
688 3461 778 3537 14m⁸)
807 3461 959 3520 incideret.
1007 3461 1090 3535 Quae
1113 3460 1245 3519 Ebrardi

124 3550 270 3606 sententia
287 3551 366 3609 haud
381 3551 440 3610 scio
457 3572 554 3610 annon
572 3554 682 3627 majore
699 3551 756 3609 fide
781 3550 871 3628 digna
895 3551 934 3610 sit
958 3571 1045 3626 quam
1069 3550 1144 3608 aliae
1169 3553 1243 3626 ejus-

124 3635 198 3693 dem.
243 3637 313 3696 Jam
343 3638 525 3699 Oumeanum
557 3642 647 3716 (anno
672 3641 744 3713 634,
774 3641 809 3698 cf.
832 3640 923 3717 iufra)
954 3647 985 3698 et
1014 3639 1128 3698 Bedam
1160 3639 1245 3697 aliter

124 3725 248 3784 sensisse
276 3727 339 3804 ipse
363 3728 516 3788 Ebrardus
544 3729 716 3802 confitetur,
751 3748 847 3805 neque
878 3729 1045 3787 dubitarem
1077 3734 1183 3806 putare
1213 3728 1244 3784 in

123 3816 178 3873 hac
202 3821 263 3874 tam
287 3815 401 3874 difficili
425 3838 511 3878 causa
535 3826 650 3878 veteres
673 3819 740 3877 illos
764 3818 921 3891 erravisse,
953 3819 976 3877 si
1006 3838 1097 3876 unum
1120 3818 1245 3876 haberet

123 3904 277 3964 Elbrardus
293 3908 458 3965 sententiae
475 3908 593 3967 socium.
633 3906 692 3966 Sed
712 3908 774 3985 ipse
791 3907 964 3979 Haddanus,
988 3908 1035 3966 vir
1050 3907 1244 3980 doctissimus,

122 4003 157 4054 ut
180 4001 294 4055 taceam
317 3995 354 4054 de
377 3995 493 4055 Idelero
517 4003 547 4055 et
570 3998 648 4056 aliis:
680 3993 722 4055 ott
743 3992 826 4067 tlresc,
851 3997 950 4074 inquit
973 3997 1025 4071 (H.
1051 3996 1109 4054 and
1133 3995 1177 4055 St.
1201 3996 1243 4068 II,

126 4086 152 4158 1,
175 4106 204 4163 p.
227 4087 244 4142 7
249 4084 268 4142 8
292 4090 352 4142 not.
376 4106 405 4163 p.
435 4087 474 4143 77
500 4107 517 4144 a
541 4089 634 4164 perg.)
660 4082 767 4144 Ecstor
797 4084 925 4166 disputes
955 4104 1038 4145 arose
1064 4082 1173 4164 nrcrely
1197 4093 1245 4144 out

123 4172 160 4255 of
176 4194 196 4233 o
218 4171 368 4255 confirsioa
390 4173 549 4255 respectinp
572 4170 669 4253 cyclus.
715 4175 753 4233 Id
776 4195 845 4233 vero
869 4183 982 4234 certum
1006 4181 1062 4248 est,
1091 4176 1170 4250 quod
1193 4174 1244 4233 ille

30 4299 33 4305 ·
123 4283 185 4322 mos
208 4264 377 4322 celebrandi
399 4264 467 4322 festi
499 4263 645 4341 paschalis
676 4265 755 4323 intra
778 4265 864 4322 lunae
891 4265 1169 4323 14¹¹¹³⁵¹²²et20¹¹²lm
1192 4268 1245 4321 aut

124 4353 203 4414 intra
236 4355 337 4411 16¹¹¹⁸¹¹¹
365 4359 395 4413 et
423 4354 528 4409 22¹²¹²¹¹¹
551 4353 588 4410 ab
620 4353 685 4430 ipsa
714 4353 868 4430 plenilunii
900 4353 1120 4431 computatione
1151 4350 1242 4410 haud·

1048 4453 1084 4507 2*
