3024 4920
717 216 937 273 -56-

269 396 447 457 nominanda
466 400 536 454 sunt
552 392 792 454 Ardmachanum
818 391 848 454 in
864 393 995 466 Ultonia,
1020 396 1102 470 cujus
1123 393 1216 453 abbas
1235 427 1272 435 ——
1291 399 1392 471 poste·

267 487 346 546 riore
369 485 488 562 quidem
504 490 602 542 aetate
618 485 708 560 (697)
728 519 764 526 -
784 484 943 541 multorum
968 483 1138 541 clericorum
1162 482 1298 559 synodali
1321 502 1391 540 con-
1454 509 1460 517 ·

267 575 371 635 ventui
394 574 557 651 praefuisse
580 573 676 630 fertur
698 571 808 648 (Skene
824 571 867 645 II,
883 594 912 650 p.
931 573 1007 648 173)
1029 578 1059 632 et
1081 572 1195 650 primus
1219 571 1392 630 nominatur

268 666 299 724 in
323 663 451 741 epistula
474 661 622 721 Johannis
645 681 740 738 papae
763 661 841 718 infra
865 661 1133 734 commemoranda,
1161 660 1335 720 Leclinense
1358 661 1392 718 in

256 753 411 830 Lagania,
436 751 579 811 Olonense
603 750 834 827 (Glonmacnois)
857 751 888 808 in
910 750 1011 822 Midia,
1036 749 1241 809 Olonfertense
1265 749 1391 808 16066-

271 842 369 902 nactia
386 842 498 918 (Uener,
519 838 645 916 Antiqu.
661 861 691 917 p.
709 839 794 917 955),
818 841 944 899 alterum
960 839 1164 899 Olonfertense
1180 840 1211 897 in
1227 839 1391 898 confinibus

268 930 434 991 Momoniae
451 935 481 988 et
495 929 647 1007 Laganiae
664 927 774 1004 (Skene
789 928 832 1002 Π,
848 951 877 1007 p.
895 929 958 1005 56),
982 945 1106 1006 quorum
1123 928 1289 988 Oumcanus
1309 949 1391 986 men·
1484 925 1488 927 ’

268 1022 379 1081 tionem
402 1019 473 1078 fecit
494 1020 526 1077 in
549 1018 676 1096 epistula
699 1019 783 1078 sua.1
813 1016 885 1075 Alia
908 1038 977 1076 num
1001 1018 1067 1095 pari
1082 1018 1261 1077 auctoritate
1282 1017 1390 1076 florue-

268 1111 338 1182 rint,
361 1107 488 1180 nesci0,2
510 1127 605 1185 neque
628 1107 716 1166 velim
740 1112 826 1185 putes
849 1128 964 1180 eorum,
993 1128 1068 1184 quae
1092 1106 1406 1181 commemoravimus„

269 1199 516 1258 monasteriorum
546 1196 753 1256 auctoritatem
789 1202 903 1256 tantam
938 1197 1041 1270 fuisse,
1077 1202 1190 1273 quanta
1220 1194 1394 1255 monasterii

268 1287 412 1348 Hiiensis.

359 1376 464 1454 Neque
494 1376 557 1452 ipse
589 1373 745 1443 Columba,
780 1375 806 1433 si
836 1375 868 1432 in
898 1374 1046 1433 Hibernia
1076 1375 1244 1448 mansisset,
1276 1378 1391 1433 tantam

270 1466 477 1526 auctoritatem
507 1469 584 1524 esset
608 1470 795 1535 consecutus,
832 1484 899 1522 nam
929 1464 1141 1542 impedimento
1172 1465 1276 1523 fuisset
1306 1462 1393 1540 regni

270 1556 474 1614 Hibernorum
497 1555 600 1612 forma.
645 1551 786 1630 Singulae
810 1553 887 1610 enim
911 1553 1114 1612 Hiberncrum
1137 1554 1242 1627 tribus,
1266 1573 1393 1628 quarum

225 1663 227 1666 ⁴
271 1644 361 1704 saluti
384 1643 501 1720 singula
524 1642 703 1701 monasteria
726 1642 896 1701 serviebant
919 1641 1030 1718 (Sirene
1045 1642 1088 1716 H,
1104 1653 1133 1720 p:
1152 1644 1206 1719 72)
1230 1649 1261 1701 et
1284 1642 1393 1718 quibus

271 1753 337 1792 cnm
361 1732 547 1791 monasteriis
570 1737 631 1790 tam
655 1737 737 1789 arcta
761 1732 951 1809 necessitudo·
974 1738 1051 1805 erat,
1084 1738 1119 1791 ut
1147 1730 1394 1792 monasteriorum

270 1823 395 1882 abbates
422 1824 489 1897 jure
518 1821 645 1898 quodam
668 1820 866 1878 haereditario
890 1821 1071 1897 eligerentur
1094 1826 1130 1878 ex
1153 1822 1255 1880 eadem
1277 1840 1394 1897 semper

270 1912 383 1972 familia
410 1912 459 1970 vel
489 1911 595 1969 saltem
626 1909 720 1983 tribu,
752 1911 813 1968 sive
842 1931 878 1968 cx
902 1932 948 1982 ea,
981 1931 1039 1986 qua
1062 1908 1232 1971 monasterii
1257 1909 1394 1968 conditor

273 2007 356 2060 ortus
379 2006 451 2074 erat,
476 2000 538 2059 sive
562 2020 604 2072 66,
629 2020 665 2056 cx
689 2020 747 2075 qua
770 2007 859 2058 natus
883 2006 947 2058 erat
963 2001 996 2072 is,
1022 2000 1072 2076 qui
1095 2000 1140 2057 illi
1156 2020 1243 2076 agros
1259 1999 1392 2075 assigna·

271 2097 356 2150 verat
379 2089 416 2148 ad
440 2089 678 2148 constituendum
700 2090 913 2147 monasterium
929 2088 1039 2164 (Sirene
1054 2088 1097 2161 H,
1114 2110 1142 2166 p.
1161 2091 1201 2146 66
1220 2090 1305 2165 sqq),
1329 2086 1395 2160 hae,

271 2181 406 2256 inquam,
429 2178 525 2237 tribus
548 2178 579 2235 in
602 2197 693 2235 unum
717 2198 823 2255 eorpus
846 2197 906 2235 non
929 2178 1066 2237 redactae
1090 2183 1176 2236 erant
1198 2177 1256 2236 nisi
1279 2177 1336 2249 ita,
1361 2182 1396 2233 ut

270 2267 413 2348 permulti
443 2266 488 2324 illi
518 2266 626 2342 reguli,
662 2267 713 2343 qui
743 2267 866 2343 singulis
896 2267 1033 2326 tribubus
1069 2273 1240 2345 praeerant,
1274 2265 1396 2343 regibus

271 2375 428 2436 pagorum,
458 2363 493 2414 ut
516 2355 559 2414 ita
582 2355 692 2428 dicam,
723 2356 820 2432 reguli
847 2376 992 2434 pagorum
1023 2357 1143 2432 regibus
1166 2355 1395 2435 provinciarum,

272 2446 399 2521 denique
422 2444 454 2503 hi
477 2444 607 2520 quinque
632 2464 744 2502 summo
767 2445 860 2504 totius
891 2445 1003 2504 insulae
1026 2465 1096 2523 rege
1119 2445 1274 2504 inferiores
1297 2448 1398 2502 essent

273 2534 385 2612 (Skene
401 2533 461 2607 ΠΙ,
485 2555 513 2611 p.
532 2534 594 2591 135
612 2536 697 2609 sqq).
741 2534 847 2594 Nonne
871 2541 997 2612 apparet
1026 2534 1081 2593 hac
1111 2536 1207 2592 forma
1230 2533 1317 2610 regni
1339 2533 1396 2592 Hi·

272 2623 384 2683 bernici
415 2628 445 2680 et
474 2622 529 2680 hac
559 2623 596 2680 de
626 2623 818 2682 successione·
838 2625 979 2683 abbatum
1016 2626 1082 2700 lege
1116 2623 1292 2700 impeditum
1324 2642 1398 2696 6666,

273 2712 428 2790 quominus
457 2731 549 2769 unum
579 2712 774 2771 monsterium
798 2714 845 2771 vel
876 2733 970 2790 pauca
997 2713 1029 2770 in
1058 2713 1193 2771 omnibus
1224 2713 1316 2771 totius
1339 2712 1396 2770 Hi-

273 2801 395 2862 berniae
419 2801 605 2860 monasteriis
634 2801 837 2880 principatum
868 2801 1024 2861 tenerent?
1059 2801 1154 2859 Immo
1185 2803 1279 2860 multa
1309 2807 1398 2860 erant

272 2892 304 2951 in
327 2891 475 2950 Hibernia
499 2892 690 2963 monasteria,
721 2911 797 2966 quae
826 2897 943 2950 tantum
967 2891 1013 2949 sui
1033 2891 1110 2966 juris
1133 2891 1223 2950 fuisse
1246 2890 1396 2950 videntur.

273 2981 340 3055 Quo
368 2981 477 3039 factum
507 2986 563 3055 est,
599 2988 634 3040 ut
662 2981 785 3039 ecclesia
809 2980 965 3040 Scotorum
994 2981 1081 3039 unius
1110 2980 1241 3057 corporis
1269 2978 1398 3057 speciem

273 3090 332 3128 non
355 3069 521 3146 praeberet.
567 3070 681 3127 Deerat
705 3069 790 3142 enim,
816 3071 867 3147 qui
890 3071 922 3127 in
946 3090 999 3129 sua
1022 3089 1148 3147 persona
1171 3069 1309 3128 ecclesiae
1333 3067 1399 3127 nni-

273 3163 367 3218 tatem
390 3164 459 3216 ante
483 3158 582 3216 oculos
605 3157 764 3236 poneret.³
810 3158 897 3232 Quod
919 3159 1008 3217 etiarn
1036 3179 1115 3232 eum,
1147 3159 1199 3234 qui
1228 3158 1397 3234 catalogum

364 3331 563 3386 ¹Numeravit
589 3331 663 3384 enim
689 3331 804 3401 (116666,
830 3336 886 3387 vet.
908 3350 951 3400 ep.
976 3333 1085 3385 hibern.
1105 3333 1168 3399 syll.
1197 3349 1224 3400 p.
1245 3331 1293 3399 23)
1319 3330 1398 3384 inter

275 3424 286 3459 s
309 3405 495 3458 ectatissimos
510 3402 668 3456 Hiberniae
688 3403 849 3457 sacerdotes
868 3420 1042 3458 successores
1057 3403 1085 3456 S.
1100 3404 1195 3466 Albai,
1217 3401 1396 3456 Leclinensis

274 3480 285 3545 (
315 3493 386 3540 sser,
410 3475 528 3544 Antiqu.
552 3491 579 3542 p.
601 3475 665 3541 936)
686 3474 795 3527 Kerani
813 3476 959 3529 Glonensis
981 3473 1087 3544 (Skene
1107 3473 1147 3539 ΙΙ,
1172 3492 1199 3543 p.
1221 3474 1278 3543 52),
1306 3473 1396 3526 Bren-

275 3547 352 3611 dam,
383 3546 586 3599 Olcnfertensis
606 3543 713 3612 (Skene
732 3545 797 3614 ib),
828 3547 946 3614 Lugidi,
978 3546 1094 3598 alterius
1115 3545 1317 3598 Glonfertensis
1336 3561 1396 3597 mc·

273 3617 392 3671 nasterii
411 3617 521 3670 abbatis
542 3615 649 3685 (Umor,
671 3616 789 3684 Antiqu.
810 3618 861 3672 919
875 3635 915 3686 sq.
936 3617 995 3671 935.
1016 3617 1090 3685 913).
1123 3616 1211 3670 Tacui
1230 3617 1265 3670 de
1285 3632 1396 3668 succes-

275 3706 338 3743 sore
359 3687 495 3751 11666661,
517 3703 599 3755 quem
618 3688 717 3756 quinto
736 3688 799 3741 loco
818 3689 958 3753 nominat,
987 3687 1052 3756 quia
1071 3688 1106 3741 (16
1125 3686 1188 3757 ipso
1209 3686 1336 3741 Nessano
1354 3686 1398 3766 nil

274 3757 511 3883 66116161ἓῦ66,
531 3758 647 3826 Antiqu.
669 3759 742 3828 961).

365 3831 376 3863 ²
423 3847 469 3883 am
493 3846 563 3897 quae
588 3830 623 3882 de
643 3830 705 3883 aliis
724 3834 756 3883 ut
772 3829 959 3884 Ratheniensi
983 3831 1012 3882 in
1031 3831 1146 3885 incertis
1165 3830 1245 3894 vitis,
1275 3829 1398 3882 fortasse

275 3903 366 3956 adhuc
385 3900 470 3954 hodie
489 3900 604 3954 ineditis
624 3903 775 3954 traduntur
790 3901 898 3971 (116666,
912 3901 1054 3970 Antiquit.
1068 3921 1095 3971 p.
1111 3902 1171 3956 911.
1185 3901 1220 3956 el.
1235 3901 1299 3969 919)
1319 3900 1398 3970 equi-

275 3974 340 4027 dem
360 3971 519 4026 examinare
538 3989 594 4025 non
612 3973 701 4041 potui.

368 4044 379 4075 ⁸
399 4043 487 4096 Liber
505 4043 612 4112 Angeli
631 4044 763 4113 (Betham
783 4043 829 4108 H,
861 4061 925 4111 app.
945 4042 1058 4108 XLVI,
1088 4044 1124 4096 cf.
1144 4060 1229 4111 supra
1254 4059 1281 4110 p.
1301 4043 1347 4110 35)
1368 4046 1400 4096 et

277 4115 356 4168 Fieci
375 4116 494 4182 hymnus
521 4114 869 4184 (v.49H.andSt.11‚
896 4115 920 4177 2,
948 4132 975 4182 p.
996 4114 1061 4183 359)
1086 4115 1146 4167 sedi
1169 4113 1397 4178 Ardmachanae,

275 4203 359 4255 quarn
381 4187 441 4255 jam
466 4185 596 4240 Muirchu
623 4186 756 4255 (Betham
775 4184 819 4251 ll,
845 4202 908 4253 app.
936 4203 963 4254 p.
983 4180 1054 4255 XV)
1075 4187 1109 4238 ab
1128 4186 1190 4253 ipso
1209 4183 1335 4237 Patricio
1354 4184 1397 4237 in-

278 4254 1400 4396 tttt..ttttttttttttstit‘lttttttttttttt⁰tt²
