3024 4920
645 210 861 271 ..26-

193 414 221 468 p.
238 391 279 448 47
284 392 326 468 4).
357 389 416 450 Sed
440 391 530 451 etiam
553 376 713 450 levioribus
736 390 936 449 fundamentis
959 390 1025 468 ipsa
1040 391 1181 450 Haddani
1204 391 1311 451 nititur

194 481 303 559 opinio.
333 480 476 557 Legimus
499 479 576 539 enim
599 479 630 538 in
652 479 713 539 vita
736 480 929 557 Kentigerni:
947 499 1005 544 ,roc
1028 488 1054 540 et
1076 476 1168 541 clema
1188 479 1311 562 rapienda

197 566 451 633 Contrane...
469 568 581 629 caedo
600 567 636 630 de
651 565 798 629 Hibernae
820 589 877 628 uno
901 568 1034 651 episcopo
1056 589 1137 630 more
1152 566 1312 631 Redonum

194 669 220 721 et
243 657 398 721 Scotorum
419 658 451 720 in
473 657 639 739 opacam
661 657 758 738 psum
777 660 1024 737 (Kentigornum)
1048 658 1212 720 consecrari
1232 657 1310 741 fece·

193 758 269 810 rant.
317 744 385 808 Mos
413 747 490 808 enim
515 746 546 807 tn
569 745 731 808 Britannia
753 745 908 809 inoleverat
934 747 965 808 in
988 747 1196 809 emerentiane
1212 748 1309 830 pordi-

184 839 280 924 Jtonm
302 837 504 899 tandummodo
526 836 624 920 capito
646 836 845 898 emunctorii
866 834 1184 921 teramnensem
1200 858 1310 918 pann·

191 947 258 1010 pere
274 973 280 986 .
297 971 303 986 .
320 972 328 986 .
344 929 396 1004 (H.
414 929 472 987 and
489 926 532 986 st.
548 926 574 1000 I,
597 948 625 1005 p.
644 926 728 1003 155).
775 927 835 1001 Qui
857 928 937 986 locus
961 929 1033 1005 quid
1056 928 1114 987 sibi
1137 929 1227 989 vellet
1249 929 1311 987 sine

194 1017 284 1077 dubio
315 1024 394 1078 recte
424 1017 637 1094 interpretatus
668 1022 713 1077 est
742 1017 806 1094 ipse
836 1017 1001 1077 Haddanus
1037 1018 1168 1077 scribens
1202 1037 1312 1078 morem

194 1108 277 1167 illum
302 1107 395 1167 videri
421 1105 651 1183 intellegendum
679 1127 741 1165 esse
770 1107 973 1165 tantummodo
1001 1107 1193 1185 peculiarem,
1230 1111 1312 1185 cujus

195 1197 258 1259 vin
282 1197 462 1257 mentionem
489 1196 574 1270 facit,
604 1195 755 1273 unguendi
781 1196 941 1257 rationem:
981 1197 1064 1271 Quae
1088 1217 1153 1255 cum
1176 1198 1220 1257 ita
1244 1198 1312 1271 sint,

197 1287 269 1366 quin
286 1287 375 1346 etiam
391 1306 455 1344 cum
472 1285 547 1345 falsa
563 1285 630 1360 sint,
655 1305 730 1364 quae
746 1285 813 1346 vita*
828 1287 942 1363 profert
965 1287 1001 1345 de
1024 1287 1175 1364 unguendi
1197 1287 1312 1346 ratione

194 1375 275 1456 apud
291 1376 429 1436 Britones
445 1375 557 1434 usitata
581 1375 650 1452 (vid.
668 1395 757 1453 supro
774 1397 802 1453 p.
820 1375 874 1453 25)
899 1374 1020 1434 dubium
1045 1397 1107 1436 esse
1130 1396 1189 1435 non
1205 1383 1312 1455 potest,

194 1465 265 1542 quin
288 1466 369 1526 vitae
391 1465 479 1541 hujus
502 1465 616 1525 auctori
639 1485 797 1541 anonymo,
829 1485 915 1542 quem
943 1472 1069 1525 exeunte
1096 1467 1211 1526 saeculo
1241 1467 1311 1527 duo·

194 1554 307 1615 decimo
331 1554 459 1634 priorem
487 1574 546 1613 non
576 1576 637 1614 esse
660 1559 789 1628 constat,
819 1554 937 1613 omnino
965 1554 1038 1615 fides
1066 1556 1239 1634 deneganda
1265 1557 1311 1616 sit.

195 1644 307 1705 Tamen
330 1644 508 1716 Haddanus,
541 1645 610 1721 quia
638 1644 674 1704 de
703 1644 847 1722 episcopis
874 1664 1041 1722 perunum
1065 1647 1189 1704 alterum
1214 1667 1310 1706 conse·

195 1734 285 1795 cratis
314 1734 346 1792 in
377 1733 442 1792 aliis
473 1753 589 1811 qnoque
622 1734 692 1794 vitis
721 1732 897 1793 Sanctorum
926 1733 1098 1808 Britonum,
1133 1741 1231 1795 aetate
1261 1736 1313 1794 illa

194 1822 375 1900 Kentigerni
397 1844 458 1881 non
481 1823 701 1895 vetustioribus,
724 1822 759 1881 fit
782 1823 893 1884 mentio
917 1830 947 1882 et
971 1824 1041 1901 quia
1064 1829 1180 1884 constat
1202 1846 1312 1884 morsm

194 1915 279 1975 illum
306 1913 423 1976 saeculo
451 1912 605 1971 undecimo
633 1913 665 1970 in
691 1912 838 1972 Hibernia
867 1912 898 1970 in
925 1933 980 1972 usu
1011 1914 1115 1988 fuisse,
1150 1935 1204 1992 pro
1233 1921 1312 1974 certo

194 2003 313 2063 videtur
336 2023 398 2061 rem
421 2001 540 2061 hebere.
579 2002 678 2080 Atqui
702 2024 736 2061 ea
759 2002 824 2080 ipsa
847 2023 887 2074 re,
912 2004 990 2080 quod
1013 2004 1192 2083 scriptorum
1215 2011 1313 2064 aetate

194 2091 332 2164 Hiberni,
358 2091 532 2169 quibuscum
548 2092 610 2152 vita
627 2092 807 2169 Kentigerni
822 2092 967 2169 Britones,
985 2094 1153 2169 congruisse
1177 2093 1312 2164 affimat,

194 2182 247 2241 illo
271 2201 351 2239 more
374 2183 545 2254 utebantur,
568 2180 640 2241 fides
664 2183 825 2258 abrogatur
848 2181 1049 2258 scriptoribus.
1080 2181 1174 2259 Apud
1197 2189 1312 2240 veteres

195 2271 352 2348 scriptores
376 2271 458 2328 nulla
482 2277 580 2330 exstat
602 2271 690 2347 hujus
713 2270 804 2329 moria
826 2270 945 2329 mentio.
984 2270 1031 2328 Ex
1055 2271 1217 2340 contrario,
1241 2270 1313 2330 Vini

195 2361 363 2437 episcopum
386 2379 463 2418 anno
489 2359 552 2418 665
577 2358 728 2419 Ceaddam
751 2379 934 2418 consecrasse
957 2359 1049 2418 refert
1072 2359 1155 2418 Beda
1179 2361 1218 2437 (h
1235 2382 1259 2420 e.
1285 2361 1313 2431 3,

196 2450 237 2508 28
263 2449 280 2527 ξ
306 2449 369 2507 243
394 2449 430 2507 de
452 2449 518 2526 ipsa
541 2470 573 2507 re
598 2449 656 2508 vid.
680 2449 769 2525 infra)
800 2447 978 2527 „assumptis
999 2446 1030 2507 in
1052 2447 1212 2510 economus
1235 2449 1312 2510 ordi·

194 2536 319 2599 mtimcia
348 2535 459 2598 duobus
491 2537 527 2598 de
549 2533 710 2599 Redonum
736 2546 817 2618 pente
847 2536 1016 2618 epbcopie‘t
1062 2539 1141 2598 Num
1164 2540 1314 2599 venissent

194 2627 240 2686 illi
268 2627 427 2687 Britonum
458 2627 600 2704 episcopi,
635 2629 660 2691 si
690 2628 748 2706 ipsi
778 2634 932 2706 putassent
959 2648 1018 2687 non
1049 2635 1184 2706 oportere
1213 2629 1314 2688 adesse

196 2717 409 2777 consecrationi
435 2716 508 2777 alios
539 2717 693 2796 episcopos
723 2724 843 2796 praeter
872 2717 969 2794 ipsum
997 2718 1237 2777 consecrantem?
1273 2718 1315 2778 Et

199 2807 350 2884 complura
367 2811 486 2867 exstant
508 2806 685 2881 testimonia,
711 2828 786 2885 quae
802 2806 944 2866 Haddani
959 2807 1123 2867 sententiae
1138 2815 1314 2885 repugnent,

197 2897 247 2956 sed
271 2917 336 2955 cum
356 2896 516 2957 Britonum
539 2897 626 2956 simul
649 2903 679 2957 et
703 2896 858 2957 Scotorum
880 2896 1025 2955 rationem
1048 2897 1186 2971 habeant,
1210 2898 1246 2956 de
1269 2898 1315 2957 his

196 2985 301 3045 melius
324 2986 401 3045 infra
424 2993 537 3063 agetur.
584 2988 651 3046 Hoc
679 2989 743 3046 loco
772 2987 844 3046 satis
872 2986 911 3046 sit
940 3008 1179 3046 commemorasse
1202 2988 1314 3044 nullum

197 3081 312 3136 exstare
329 3081 441 3134 certum
457 3076 544 3151 hujus
560 3076 604 3134 rei
620 3076 831 3143 testimonium.
861 3074 913 3134 An
929 3077 1098 3136 testimonio
1122 3097 1184 3137 esse
1207 3084 1314 3154 potest,

198 3165 276 3243 quod
307 3164 391 3223 Beda
422 3165 452 3239 (l.
477 3167 513 3241 c.)
541 3164 675 3241 prodidit
698 3185 774 3223 anno
801 3165 863 3223 665
888 3171 1007 3242 praeter
1029 3165 1115 3238 Vini,
1146 3166 1314 3244 episcopum

197 3254 430 3315 Occidentalium
447 3253 605 3326 Saxonum,
629 3257 672 3329 (et
690 3253 875 3313 Bonifatium
890 3254 1123 3314 Domnocensem
1139 3254 1167 3313 h.
1185 3275 1209 3313 e.
1226 3256 1254 3326 3,
1272 3256 1313 3312 20

197 3346 214 3422 ξ
239 3345 311 3416 209,
337 3347 420 3419 cujus
443 3343 553 3403 oblitus
577 3347 621 3402 est
643 3343 699 3402 hoc
722 3344 785 3402 loco
802 3378 845 3386 —
861 3343 895 3402 ef.
911 3343 1031 3421 Bright,
1054 3366 1081 3421 p.
1101 3345 1177 3421 212)
1202 3345 1314 3402 nullum
1376 3386 1377 3390 ,

197 3433 286 3493 fuisse
320 3433 351 3492 in
384 3432 543 3492 Britannia
578 3433 748 3511 episcopum
782 3433 920 3492 canonice
955 3431 1147 3497 ordinatumt
1185 3432 1314 3491 Minime.

197 3524 273 3584 Nam
297 3523 420 3581 dubium
448 3529 505 3596 est,
537 3542 575 3580 an
598 3522 739 3582 hocloco
762 3522 921 3582 Britonum
946 3523 1063 3581 omnino
1087 3542 1146 3581 non
1169 3522 1314 3582 rationem

199 3612 348 3684 habuerit,
372 3612 419 3671 sin
442 3611 542 3684 aliter,
573 3611 685 3671 rituum
709 3613 747 3671 ob
770 3612 974 3673 diversitatem
997 3611 1110 3670 Bedam
1133 3611 1193 3672 illis
1216 3612 1314 3672 verbis

197 3722 282 3762 usum
306 3722 368 3761 esse
391 3707 537 3778 putarem.

287 3791 411 3866 Rejecte
439 3791 533 3867 igitur
556 3790 697 3850 Haddani
727 3789 874 3850 sententia
900 3795 1016 3849 restant
1046 3790 1149 3865 quinto
1178 3795 1208 3849 et
1231 3796 1314 3849 sexto

197 3880 370 3940 numerandi
394 3881 458 3938 loco
482 3880 639 3957 peculiaris
655 3901 717 3940 mos
733 3879 923 3939 consecrandi
939 3879 1075 3938 ecclesias
1092 3887 1122 3939 et
1137 3879 1315 3939 monasteria

197 3977 227 4029 et
253 3970 418 4047 peculiares
440 3969 517 4029 ritus
540 3969 571 4027 in
596 3969 770 4030 celebranda
794 3967 980 4028 eucharistia
1018 3969 1065 4027 De
1089 3969 1197 4045 quibus
1220 3989 1315 4047 pauca

197 4060 354 4119 sufficiant.
399 4058 539 4119 Britoues
563 4058 652 4131 enim,
682 4058 826 4119 secundae
849 4057 968 4133 quidem
991 4065 1022 4117 et
1045 4059 1151 4118 tertiae
1174 4079 1248 4136 quae
1271 4058 1313 4116 di·

197 4149 353 4209 stinximus
375 4154 516 4222 aetatum,
539 4169 598 4208 non
621 4148 742 4227 primae,
766 4145 902 4206 ecclesias
926 4154 956 4205 et
979 4149 1157 4206 monasteria
1177 4147 1315 4206 videntur

197 4258 382 4298 consecrasse
408 4239 581 4316 plerumque
609 4258 668 4296 non
691 4237 745 4296 sub
769 4235 886 4295 nomine
910 4237 1115 4297 defunctorum
1138 4243 1315 4308 sanctorum,

199 4328 251 4388 sed
281 4328 336 4386 sub
364 4328 557 4389 fundatorum
579 4326 714 4388 vivorum
736 4324 904 4386 nominibus
928 4326 1067 4402 (Warren
1090 4347 1119 4404 p.
1144 4326 1207 4403 74),
1230 4345 1315 4404 prae·
