3024 4920
642 216 857 275 ..87-

196 394 286 454 etiam
308 394 405 453 minus
428 393 636 468 cohaerebant,
658 414 747 470 quam
770 393 834 471 ipse
854 393 969 453 Eddius
992 394 1114 454 censuit.
1144 395 1221 455 Nam
1244 414 1310 453 cum

194 482 315 542 Oeadda
349 483 562 543 consecrandus
592 484 623 542 in
654 482 791 542 (lantiam
807 483 927 543 -missus
962 482 1017 557 sit,
1054 489 1180 562 apparet
1215 502 1323 560 neque

193 570 305 631 Osviuo
335 571 401 648 regi
430 591 525 647 neque
561 571 613 645 iia,
649 591 775 648 quorum
810 571 932 631 consilio
962 573 1115 645 utebatur,
1151 571 1182 630 in
1212 572 1309 630 animo

195 660 293 732 fuisse,
316 666 351 719 ut
373 660 584 734 rescinderent,
608 669 683 737 quae
705 661 738 719 in
760 660 1059 737 synodooonstituta
1074 666 1168 720 erant.
1206 661 1310 738 Neque

194 769 261 808 cum
276 748 433 807 Wilfridus
456 749 569 807 tamdiu
592 749 623 807 in
640 747 741 808 Gallia
764 754 894 808 moratus
906 750 958 822 sit,
974 749 1141 808 mirandum
1156 754 1209 821 est,
1232 748 1311 826 quod

197 838 286 896 alium
309 838 465 915 eligerunt.
510 837 657 898 Attamen
680 858 740 897 non
762 858 839 915 nego
862 838 1023 897 verisimile
1054 858 1116 897 esse
1139 836 1311 897 Wilfridum

194 946 255 985 non
286 926 421 986 omnibus
451 927 706 1004 Nordanhymbris
741 927 905 1005 gratiosum
938 926 1037 986 fuisse.
1087 924 1138 984 An
1171 927 1311 986 credibile

195 1021 241 1074 est
264 1035 339 1088 eum,
369 1015 421 1091 qui
445 1022 524 1074 certo
548 1016 636 1075 nimis
659 1016 805 1094 flagrante
828 1015 991 1094 cupiditate
1013 1014 1157 1074 Romanis
1180 1022 1311 1093 cuperet,

195 1104 249 1181 qui
271 1104 335 1181 ipse
357 1104 537 1182 gloriaretur
559 1105 591 1162 in
614 1125 656 1177 eo,
681 1105 761 1181 quod
777 1102 897 1183 primm
921 1113 993 1184 post
1015 1101 1125 1163 obitam
1143 1101 1312 1186 praeeram

190 1211 348 1274 procerem
371 1213 391 1252 a
405 1190 483 1253 Seto.
501 1187 644 1273 &reporto
660 1192 836 1253 directorum
850 1191 1014 1264 werbert,
1037 1201 1068 1252 ut
1084 1186 1213 1253 &otieoe
1233 1190 1310 1252 arira-

195 1277 270 1340 leata
285 1279 480 1362 plemmrbeis
500 1279 633 1362 perreriae
655 1280 825 1355 eradicaret,
841 1326 847 1343 .
864 1325 871 1340 .
887 1290 913 1341 et
933 1280 1023 1341 mam
1045 1278 1255 1342 monoclerum
1269 1299 1310 1340 ae·

194 1369 325 1431 caedum
347 1367 478 1450 requiam
507 1367 571 1430 Soti
592 1369 691 1451 patris
718 1368 885 1442 Benedicti,
916 1390 1006 1451 quom
1034 1367 1131 1429 nullm
1154 1368 1244 1449 prior
1272 1367 1314 1429 iti

195 1457 354 1529 inverteret,
378 1457 555 1519 commueret
578 1459 694 1537 (steph.
717 1460 795 1519 Edd.
816 1459 936 1532 XLIV,
958 1481 987 1537 p.
1012 1459 1089 1535 705)
1104 1493 1149 1504 -
1171 1458 1312 1518 credibile

196 1553 250 1620 est,
281 1548 415 1624 inquam,
447 1568 512 1607 eum
542 1550 597 1608 hac
626 1549 691 1626 ipsa
721 1549 883 1626 asperitate
912 1548 1147 1607 benevolentiam
1180 1548 1237 1607 sibi
1261 1547 1311 1607 ad·

190 1637 326 1712 junxisse
341 1657 450 1709 eorum,
475 1638 526 1714 qui
542 1638 599 1696 etsi
610 1638 739 1696 libenter
753 1657 819 1695 cum
833 1637 978 1696 Romanis
997 1637 1158 1696 amicitiam
1174 1636 1311 1710 inierant,

196 1725 395 1802 gratissimam
420 1733 518 1784 tamen
543 1725 706 1799 Scotorum,
730 1725 837 1803 quibus
852 1724 1002 1802 magistris
1025 1725 1072 1784 usi
1087 1731 1181 1799 erant,
1204 1745 1311 1784 memo·

195 1813 270 1872 riam
293 1814 398 1872 merito
421 1814 606 1873 retinerent?

283 1901 480 1962 Nihiloseoius
496 1903 653 1963 Wilfridus
669 1924 746 1962 anno
764 1905 837 1976 669,
853 1909 1012 1980 postquam
1028 1902 1201 1961 Theodorus
1216 1902 1312 1961 archi·

197 1989 354 2067 episcopus
375 1996 470 2049 totam
485 1990 673 2051 Britanniam
688 1992 955 2069 recognoscendam
972 1992 1144 2050 circumiens
1161 1990 1311 2049 Oeaddam

194 2078 226 2136 in
255 2078 355 2136 sedem
383 2078 630 2139 Licidfeldensem
661 2080 829 2154 transtulit,
860 2079 1056 2139 Eboraoensis
1087 2079 1164 2138 sedis
1193 2080 1312 2157 praesul

146 2196 149 2203 ·
196 2168 292 2225 factus
316 2174 361 2226 est
384 2169 432 2243 (cf.
455 2168 580 2246 Brigbt,
610 2190 639 2247 p.
668 2171 730 2228 226
756 2172 833 2246 sqq.)
856 2169 909 2227 sed
938 2188 1016 2227 anno
1042 2169 1105 2226 678
1128 2168 1236 2226 iterum
1263 2188 1312 2227 ex·

193 2256 296 2332 pulsus
319 2262 418 2316 estet
441 2257 582 2317 dioecesis
605 2261 669 2333 ejus
695 2259 790 2319 divisa
813 2258 844 2315 in
868 2263 996 2335 quatuor
1022 2265 1124 2334 partes
1148 2258 1311 2332 (Hermam-

194 2344 376 2418 Lindisfarn,
393 2345 569 2419 Eboracum,
582 2345 812 2423 Sidnaoeaster),
829 2347 936 2423 quibus
952 2352 1013 2405 tres
1029 2346 1162 2424 episcopi
1176 2346 1256 2422 iique
1269 2380 1311 2390 —

195 2433 267 2510 quid
283 2433 411 2491 mirum?
423 2435 617 2511 —quondum
633 2435 742 2495 eruditi
753 2436 785 2493 in
798 2435 983 2495 monasteriis
995 2455 1013 2493 a
1025 2434 1121 2494 Scotis
1133 2434 1164 2492 iu
1175 2434 1310 2495 Norden-

194 2521 331 2598 hymbria
355 2524 532 2582 constructis
555 2525 719 2602 praepositi
747 2530 824 2583 sunt.
869 2523 1028 2582 Wilfridus
1057 2513 1237 2582 autemetsi
1260 2520 1311 2580 ad·

191 2612 275 2686 jutus
298 2618 344 2670 est
367 2631 385 2669 a
406 2631 493 2689 papa,
510 2612 547 2670 ad
564 2632 651 2688 quem
667 2613 822 2691 appellans
837 2613 1019 2689 confugerat,
1034 2618 1134 2670 tamen
1149 2611 1312 2690 impetrare

193 2719 252 2757 non
276 2699 390 2777 potuit,
422 2709 458 2759 ut
487 2700 585 2759 sedem
608 2707 805 2779 recuperaret.
833 2701 987 2778 ·Denique
1010 2721 1088 2759 anno
1113 2701 1175 2758 686
1200 2699 1310 2759 auxilio

197 2787 360 2861 Theodori,
390 2809 516 2865 quocum
538 2790 570 2847 in
593 2791 721 2867 gratiam
743 2790 888 2862 redierat,
911 2789 1106 2848 Eboracensis
1128 2789 1208 2847 illius
1231 2789 1311 2846 dioe-

193 2897 291 2936 ceseos
322 2878 485 2955 partitione
515 2878 647 2938 minutae
677 2880 832 2956 episcopus
859 2879 955 2937 factus
979 2883 1037 2950 est,
1069 2877 1122 2936 sed
1144 2896 1221 2936 anno
1247 2877 1308 2935 691

193 2966 314 3024 tertium
331 2967 471 3043 expulsus
494 2986 572 3024 anno
588 2967 705 3025 demum
722 2966 785 3024 705
803 2965 912 3024 auxilio
927 2986 1022 3043 papae
1037 2966 1145 3024 iterum
1168 2985 1199 3024 se
1219 2966 1311 3024 inter·

194 3052 333 3131 ponentis
355 3053 513 3113 restitutus
536 3055 635 3114 estin
659 3055 757 3114 sedem
785 3074 868 3114 suam
896 3044 982 3132 eique
1009 3074 1102 3131 usque
1126 3055 1164 3114 ad
1187 3061 1312 3114 mortem

194 3143 285 3218 (709)
308 3141 470 3219 praeerat.1

282 3230 350 3289 Hae
373 3237 442 3290 sunt
465 3231 597 3290 Wilfridi
628 3234 742 3292 turbae.
788 3232 940 3305 Quaenam
971 3240 1058 3292 erant
1088 3231 1212 3291 causae?
1250 3231 1309 3290 Re·

193 3319 307 3380 vixitne
331 3321 533 3380 controversia
555 3321 703 3399 paschalis
726 3322 757 3379 in
780 3320 912 3380 Wilfridi
943 3319 1088 3380 historia?
1122 3328 1157 3378 ut
1188 3319 1243 3379 hac
1273 3320 1309 3378 de

194 3429 283 3467 causa
305 3409 399 3468 Hilda
422 3410 587 3483 abbatissa,
619 3430 695 3487 quae
724 3410 756 3467 in
779 3409 891 3485 synodo
914 3429 932 3467 a
956 3407 1053 3468 Sectis
1076 3413 1212 3481 steterat,
1241 3428 1308 3467 con·

194 3497 357 3572 spiceretur
378 3498 459 3559 inter
481 3519 540 3573 eos,
563 3499 615 3576 qui
637 3498 751 3559 Romae
767 3497 938 3558 Wilfridum
962 3503 1182 3556 accusaverunt.
1214 3497 1309 3557 Vehe-

195 3590 311 3643 menter
333 3594 475 3662 errarent,
499 3589 550 3665 qui
565 3589 621 3647 hoc
635 3594 785 3665 putarent.
815 3588 892 3648 Nam
914 3606 1060 3645 unacum
1075 3585 1168 3644 Hilda
1182 3586 1310 3663 primum

285 3741 296 3773 ¹
315 3740 460 3795 Ebrardus
481 3743 504 3795 si
522 3742 659 3811 Stephani
671 3742 759 3798 Eddii
778 3732 865 3796 ¹vitam
883 3741 1011 3812 legisset,
1032 3758 1123 3810 neque
1143 3740 1312 3794 affirmasset

196 3809 361 3865 Willridum
374 3829 446 3865 anno
458 3812 509 3867 696
525 3818 667 3866 mortuum
682 3830 741 3867 esse
757 3829 847 3882 neque
858 3812 914 3865 elia
924 3811 1012 3864 multa
1022 3811 1188 3880 pretulisset
1198 3813 1237 3878 (p.
1252 3811 1308 3880 61),

196 3898 267 3950 quae
286 3883 422 3937 historiae
441 3899 554 3950 prorsus
578 3888 746 3952 repugnant.
785 3883 841 3937 Sed
866 3883 965 3936 dubito
989 3899 1082 3936 annon
1104 3883 1221 3950 legerit,
1245 3898 1311 3934 nam

195 3971 279 4006 unam
299 3954 388 4007 solam
406 3954 502 4007 inveni
520 3953 607 4007 Eddii
631 3955 803 4009 mentionem
823 3956 863 4022 (p.
884 3952 948 4020 377)
968 3969 1086 4022 eamque
1111 3953 1211 4016 talem,
1238 3969 1309 4021 quae

194 4023 323 4078 Ebrardo
342 4025 443 4079 honori
461 4042 518 4079 non
535 4025 579 4079 sit.
606 4024 723 4080 Frustra
742 4024 816 4079 enim
829 4024 923 4078 Eddio
935 4023 1021 4078 fidem
1040 4024 1176 4094 abrogare
1195 4027 1309 4078 conatus

196 4099 239 4150 est
258 4095 400 4149 affirmans
418 4094 576 4150 Ebroinum
594 4095 731 4166 majorem
753 4096 852 4150 domus
871 4097 1012 4149 mortuum
1032 4111 1092 4148 esse
1112 4095 1226 4163 „paullo
1245 4098 1311 4163 post

194 4166 274 4221 673‘2
301 4164 385 4236 Quod
403 4166 479 4220 unde
497 4167 624 4221 hauserit
642 4168 746 4232 nescio,
766 4185 832 4220 nam
852 4165 1009 4220 Ebroinnm
1028 4183 1100 4220 anno
1119 4166 1169 4221 681
1190 4169 1310 4219 mortem

196 4238 298 4292 obiisse
328 4241 438 4292 constat
472 4236 509 4292 cf.
529 4237 664 4304 Bonnell,
694 4237 829 4307 Anfange
858 4237 907 4291 des
940 4236 1170 4307 karolingischen
1199 4235 1310 4290 Hauses

194 4323 221 4375 p.
242 4310 293 4365 123
312 4328 352 4378 sq.
