3024 4920
725 214 942 276 ..98-

364 395 461 467 Haec,
491 396 522 454 in
554 415 642 471 quam
673 395 795 454 adducti
818 415 930 465 sumus,
962 394 998 452 de
1022 393 1166 452 Columba
1186 400 1225 458 ct
1248 392 1284 450 de
1308 391 1396 459 sociis

275 487 339 560 ejus
363 485 522 557 sententia,
546 484 639 561 ipsius
663 483 824 542 Columbae
848 484 947 542 verbis
970 483 1086 555 nititur,
1108 484 1205 560 ipsum
1229 481 1396 549 audivimus

275 575 446 651 loquentem
478 580 508 631 et
536 573 572 630 de
600 573 650 646 iis,
681 573 788 648 quibus
811 571 1007 631 dissentiebat
1030 593 1048 630 6
1070 571 1215 630 Romanis
1238 576 1268 629 et
1291 571 1327 628 de
1349 570 1396 642 iis,

276 663 384 739 quibus
407 662 619 722 consentiebat,
657 662 693 719 In
717 662 844 719 hiscum
860 661 902 719 nil
918 660 1036 719 obscuri
1051 660 1186 718 relictum
1203 666 1287 731 esset,
1311 659 1397 718 nobis

276 770 335 810 non
363 770 436 828 opus
464 757 540 810 esset
564 750 757 828 perscrutari,
787 770 857 808 num
880 749 981 827 plures
1004 749 1196 807 dissensionis
1219 767 1325 806 causae
1349 767 1396 807 oc·

277 845 440 911 currerent,
464 839 489 897 si
509 840 653 916 neglectis
668 839 762 916 ipsius
779 838 941 897 Columbae
957 837 1056 896 verbis
1072 859 1109 895 ex
1123 837 1168 910 iis,
1192 856 1268 913 quae
1283 835 1320 894 dc
1335 836 1399 895 vita

276 931 340 1003 ejus
368 934 399 986 et
426 928 573 986 sociorum
596 928 754 987 memoriae
777 927 897 1004 prodita
921 932 1004 998 sunt,
1036 946 1211 985 conaremur
1234 925 1398 998 enucleare,

277 1037 353 1093 quae
373 1016 499 1076 fuissent
513 1015 669 1076 Scotorum
685 1016 816 1095 propria,
839 1016 896 1074 nisi
912 1015 1067 1074 Ebrardus
1083 1014 1255 1074 circuitione
1271 1014 1401 1090 quadam

278 1127 314 1166 ex
337 1105 395 1164 illis
419 1105 492 1182 ipsis
515 1106 586 1164 vitis
609 1125 704 1184 paene
727 1106 826 1164 omnia
850 1125 903 1163 sua
927 1104 1060 1162 duxisset
1083 1109 1267 1180 argumenta.

366 1195 434 1254 Non
456 1214 527 1254 vero
550 1214 647 1252 meum
669 1194 775 1271 putavi
797 1194 951 1252 verbosius
974 1193 1176 1251 demonstrare
1197 1193 1305 1251 falsum
1328 1211 1401 1264 esse,

278 1283 358 1360 quod
379 1282 535 1342 Ebrardus
562 1283 620 1342 sibi
646 1282 734 1341 finxit
756 1285 797 1359 (p.
823 1282 1024 1358 118-132):
1053 1282 1157 1341 Scotos
1180 1281 1212 1339 in
1235 1280 1403 1340 continenti

277 1372 503 1452 peregrinantes
531 1392 627 1449 neque
654 1372 765 1430 sanctis
792 1391 887 1448 neque
915 1391 1016 1429 eornm
1043 1369 1178 1449 reliquiis
1205 1369 1317 1428 cultum
1346 1369 1401 1428 tri·

278 1461 385 1520 buisse.
423 1461 513 1533 Nam,
538 1461 589 1540 qui
612 1481 671 1519 non
695 1461 837 1519 concedat
860 1459 1035 1518 Columbam
1060 1465 1090 1517 et
1112 1458 1215 1531 socios,
1239 1477 1313 1535 quos
1336 1478 1403 1517 arc·

279 1549 402 1608 tissimis
418 1549 617 1608 consensionis
633 1549 760 1608 vinculis
775 1569 840 1607 oum
858 1549 925 1606 sede
941 1548 1106 1626 apostolica
1122 1551 1295 1623 conjunctos
1310 1548 1403 1606 fuisse

279 1637 419 1710 vidimus,
450 1638 531 1695 nullo
558 1646 647 1715 pacto
675 1638 806 1715 potuisse
834 1637 993 1696 dissentire
1021 1637 1057 1695 de
1080 1637 1133 1694 illa
1155 1656 1200 1708 re,
1231 1656 1307 1712 quae
1330 1642 1404 1696 tunc

278 1746 373 1805 paene
396 1747 510 1784 summa
534 1733 599 1786 erat
621 1727 774 1804 religionis
798 1726 989 1799 christianae,
1016 1745 1083 1783 eum
1107 1725 1196 1783 etiam
1219 1724 1404 1801 gravissimis

279 1815 462 1891 argumentis
485 1815 599 1874 revinci
621 1835 707 1893 posse
727 1819 790 1891 jam
813 1816 978 1893 desperavi.
1016 1814 1112 1873 Immo
1135 1812 1238 1873 credat
1255 1813 1404 1886 Ilbrardo,

279 1904 449 1981 ubicunque
478 1904 590 1963 mentio
617 1903 671 1963 fiat
694 1909 862 1963 sanctorum
887 1909 918 1962 et
940 1903 1134 1980 reliquiarum
1158 1902 1248 1962 etiam
1271 1902 1304 1960 in
1327 1902 1405 1962 anti-

281 1993 430 2070 quissimis
465 1993 536 2052 vitis
565 2012 679 2066 eorum,
711 1993 818 2069 quibus
850 2012 915 2051 cum
946 1992 1091 2051 Columba
1123 1997 1188 2050 erat
1217 1991 1405 2051 necessitudo

281 2084 318 2156 (6.
341 2103 370 2158 g.
385 2083 497 2155 donas,
521 2082 574 2142 vit.
596 2081 657 2142 Ool.
683 2082 725 2140 44
749 2083 828 2142 Mab.
844 2081 888 2154 ΙΙ,
911 2102 980 2140 666.
998 2080 1071 2153 615,
1095 2102 1124 2158 p.
1142 2081 1199 2153 223
1222 2080 1327 2153 Jonas,
1351 2081 1405 2140 vit.

280 2168 378 2230 Attal.
408 2169 427 2227 5
456 2171 496 2228 ib.
525 2191 592 2230 ann.
622 2172 695 2243 627,
726 2193 756 2248 p.
784 2171 860 2242 125;
890 2171 999 2243 Jonas,
1028 2169 1082 2229 vit.
1105 2168 1292 2246 Burgundof.
1318 2170 1336 2227 6
1365 2170 1406 2229 ib.

281 2277 349 2316 ann.
367 2258 440 2330 665,
456 2280 486 2336 p.
506 2259 576 2331 142,
599 2260 635 2318 cf.
651 2257 900 2342 intercanafilioe
914 2259 955 2317 ib.
975 2259 1023 2331 10,
1039 2279 1069 2335 p.
1086 2258 1166 2331 443;
1191 2257 1243 2317 vit.
1259 2258 1407 2317 Wandre·

280 2347 335 2424 gis.
358 2347 449 2425 prior.
476 2346 524 2419 13,
548 2347 588 2406 ib.
611 2349 684 2420 667,
707 2369 737 2424 p.
755 2347 850 2420 5301,
873 2348 1001 2424 denique
1026 2347 1152 2424 [omissis
1176 2347 1231 2406 vit.
1253 2347 1408 2406 Romarici

232 2449 235 2455 '
283 2437 301 2494 3
326 2436 366 2494 ib.
394 2457 462 2494 ann.
488 2435 565 2509 653,
596 2457 625 2514 p.
649 2436 727 2508 4173
756 2437 810 2496 vit.
833 2435 978 2515 Adelphii
1007 2438 1024 2493 7
1053 2436 1093 2494 ib.
1119 2437 1195 2509 6033
1224 2435 1277 2495 vit.
1299 2434 1408 2496 Amati

283 2525 324 2581 29
342 2525 382 2584 ib.
398 2546 467 2582 ann.
484 2526 557 2597 627,
581 2547 611 2604 p.
630 2525 701 2598 135,
726 2525 838 2604 quippe
862 2545 938 2601 quae
959 2525 1092 2601 juniores
1111 2524 1182 2602 sint]
1200 2545 1236 2583 ex
1250 2523 1407 2584 6668616-

282 2613 400 2688 bergae,
424 2620 455 2671 ct
477 2613 543 2690 ipsa
568 2621 667 2672 aetate
690 2615 855 2691 posteriore
880 2615 928 2692 [ci.
943 2614 1106 2691 Biidinger,
1130 2613 1408 2690 Sitzungsberichte

248 2701 249 2704 ’
282 2700 343 2760 der·
362 2701 486 2760 Wiener
516 2701 679 2760 Academia
708 2702 841 2776 XXIII,
872 2703 1027 2780 hist-phil.
1056 2703 1109 2761 Kl.
1140 2703 1328 2781 372-383]
1352 2703 1408 2762 sed

283 2880 349 2929 sunt
374 2876 525 2943 (translata
547 2893 563 2928 a
583 2873 634 2931 Dr.
655 2875 736 2928 Todd
761 2875 837 2944 apud
855 2874 1007 2940 Sertocncr,
1027 2875 1053 2928 A
1066 2873 1147 2943 plaia
1169 2874 1352 2930 Introduction
1379 2876 1407 2929 to

283 2947 326 3001 tlrc
339 2947 478 3001 Oriticc'am
491 2951 545 3000 etc.
565 2947 676 3000 seced.
691 2947 768 3001 1874.
789 2965 816 3014 Ρ.
838 2945 901 3015 157)
922 2947 976 2999 hoc
995 2946 1092 2999 modo:

393 3043 892 3113 stmmfflmmmmfflm

393 3114 479 3167 Maeli
497 3115 531 3180 of
546 3113 654 3178 trouble,
674 3113 742 3167 lc‘ttlc
761 3115 795 3180 of
803 3114 896 3181 profit,

394 3185 447 3237 Tlec
467 3183 531 3252 lrtnp
550 3183 614 3236 thou
632 3183 731 3237 coelest
748 3185 816 3248 herc,

392 3254 428 3323 If
443 3255 507 3308 tlroa
525 3254 603 3325 66669
616 3255 687 3309 Hc'm
704 3258 751 3309 aot
768 3255 834 3309 wttlr
853 3255 917 3321 thee,
939 3256 1003 3311 tlroa
1019 3256 1118 3324 findant
1135 3260 1191 3313 aot.

393 3361 480 3416 Greci
495 3361 571 3431 folly,
589 3365 669 3431 preat
684 3363 817 3427 morlacas,

394 3434 480 3488 Grcot
497 3433 563 3486 ruia
582 3433 615 3501 of
629 3449 711 3497 66666,
729 3436 807 3502 preci
824 3434 956 3503 iosaaity,

393 3505 472 3558 Sirone
491 3504 555 3557 thou
574 3504 637 3557 liert
655 3507 695 3558 act
712 3507 760 3557 ont
776 3504 823 3572 for
842 3506 884 3558 the
903 3505 966 3559 sake
984 3504 1019 3572 of
1030 3505 1111 3575 yoiap
1131 3510 1157 3560 to
1175 3506 1263 3571 death,

396 3575 467 3628 Thac
485 3574 549 3627 tlon
569 3574 704 3628 aboaldest
721 3574 750 3627 be
767 3576 798 3628 ia
817 3575 994 3629 disobedtcncc
1013 3578 1039 3629 to
1058 3577 1101 3630 tlrc
1118 3577 1175 3632 Son
1192 3578 1227 3646 of
1241 3576 1335 3648 Marp.

288 3671 445 3741 compositi
458 3675 523 3723 sunt
535 3671 565 3723 hi
578 3688 683 3736 versus,
705 3677 736 3726 ut
747 3677 858 3740 putant,
879 3672 910 3726 in
921 3675 1091 3729 monasterio
1104 3673 1291 3744 sangallensi,
1310 3673 1412 3744 itaque

287 3744 323 3798 ad
350 3741 576 3812 cognoscendum
602 3743 844 3814 peregrinantium
869 3743 1018 3798 Scotorum
1044 3745 1168 3799 animum
1193 3746 1289 3817 magni
1314 3749 1414 3800 essent

286 3813 432 3877 momenti,
454 3812 478 3865 si
497 3813 639 3878 sciremus,
660 3832 676 3867 a
696 3832 818 3883 quonam
831 3815 907 3868 facta
920 3820 1021 3881 essent,
1033 3821 1071 3869 et
1084 3835 1139 3886 qua
1152 3817 1187 3871 de
1202 3835 1293 3871 causa.
1326 3816 1413 3872 Nunc

288 3903 352 3939 cum
371 3885 437 3953 quia
456 3883 546 3936 multo
565 3888 632 3952 post
650 3887 837 3954 compositam
856 3888 1077 3941 controversiam
1097 3888 1237 3956 concripti
1256 3891 1328 3952 sunt,
1349 3892 1414 3943 tum

287 3957 353 4025 quia
372 3973 454 4009 nemo
475 3955 541 4019 scit,
561 3973 628 4008 num
648 3956 766 4010 fortasse
784 3957 816 4022 is,
837 3957 885 4026 qui
905 3975 952 4011 eos
971 3959 1091 4028 pepigit,
1112 3977 1161 4013 sua
1179 3959 1268 4028 ipsius
1288 3959 1414 4028 quadam

288 4045 372 4080 causa
382 4027 411 4078 in
422 4026 563 4080 Romanos
578 4026 665 4080 fuerit
677 4028 819 4093 incitatus,
833 4030 1072 4083 commemorandi
1087 4035 1159 4096 sunt,
1174 4031 1223 4084 sed
1236 4030 1414 4100 neglegendi

287 4098 318 4150 in
338 4097 517 4164 explananda
536 4099 597 4165 ipsa
616 4116 655 4152 re.

362 4169 372 4198 ¹
393 4167 474 4220 Nova
493 4169 568 4222 illins
588 4169 664 4223 vitae
684 4171 772 4224 editio
793 4175 884 4224 exstat
896 4171 924 4224 in
938 4170 1042 4238 Arndt,
1064 4172 1161 4227 chiac
1174 4172 1341 4227 Deakmnler
1359 4189 1415 4228 aus

289 4239 337 4293 der
355 4239 594 4308 Merowinpcrzer't.
619 4243 701 4306 1875,
722 4241 772 4295 sed
791 4242 946 4311 simplicius
966 4247 1010 4297 est
1029 4242 1116 4297 etiam
1134 4244 1217 4313 hujus
1236 4244 1312 4298 vitae
1332 4243 1416 4300 locos

288 4315 419 4380 repetere
438 4327 471 4363 ex
490 4310 651 4366 Mabilionis
671 4313 805 4369 editione.
