3024 4920
704 245 921 303 ⁴-70—

250 425 379 484 Betham
402 423 450 497 ΙΙ,
483 443 550 500 app.
574 443 602 500 p.
626 422 756 495 XXVI3
788 422 916 480 Adamn.
940 423 993 482 vit.
1017 422 1080 481 Col.
1105 424 1133 493 2,
1163 423 1213 494 69,
1243 442 1272 498 p.
1297 422 1379 494 222;

256 517 290 587 1,
309 512 358 585 15,
382 534 411 591 p.
429 514 507 585 2033
534 515 561 585 1,
589 511 638 584 14,
662 532 690 589 p.
708 512 771 569 203
797 517 827 569 11
850 511 943 588 alibi),
968 517 1054 571 tanta
1077 516 1151 583 erat,
1174 518 1209 569 ut
1231 529 1377 569 nonnum·

251 623 341 678 quam
357 601 441 661 flexis
457 601 583 677 genibus
599 601 638 659 ad
654 621 720 659 eum
736 601 909 659 accederent
924 600 1060 660 monachi
1075 600 1128 676 (ib.
1146 601 1173 671 3,
1191 601 1242 673 87,
1258 620 1287 676 p.
1302 600 1379 672 228,

252 693 287 750 11.
317 693 344 763 1,
370 693 398 762 6,
421 711 450 768 p.
476 691 562 765 201),
592 695 626 747 ut
654 711 690 747 ex
713 688 840 748 arbitrio
863 689 953 748 etiam
976 689 1121 748 inusitata
1143 688 1217 746 hora
1237 689 1288 748 'vel
1311 689 1380 766 ipsa

251 786 338 838 nocte
369 799 423 855 per
454 798 539 836 snum
566 777 722 855 proprium
750 777 917 836 ministrum
940 777 1083 853 (Adamn.
1106 778 1159 835 vit.
1183 776 1246 835 Col.
1274 778 1300 848 1,
1327 779 1380 835 ll.

253 870 304 926 22.
330 867 381 925 25.
406 869 446 925 26
472 867 556 943 alibi)
587 868 674 944 pulsa
702 867 798 924 clocca
826 866 933 924 fratres
964 866 996 924 in
1019 866 1171 925 ecclesiam
1195 865 1381 924 convocandi

251 961 432 1037 potestatem
461 955 587 1014 haberet
617 955 668 1031 (ib.
696 956 722 1027 l,
748 955 797 1027 11,
826 975 855 1032 p.
880 956 961 1027 202;
995 956 1022 1027 1,
1048 951 1099 1027 21,
1126 976 1156 1032 p.
1182 955 1268 1031 205).
1313 954 1382 1015 Nec

252 1053 352 1104 tamen
380 1045 430 1102 ille
458 1045 537 1103 solus
565 1044 701 1102 omnibus
725 1044 934 1102 monachorum
958 1044 1064 1102 studiis
1088 1044 1135 1102 vel
1160 1043 1299 1120 operibus
1322 1063 1382 1102 nec

252 1136 332 1193 solus
355 1132 492 1210 regendis
512 1133 633 1210 populis
655 1138 803 1210 praeerat,
826 1133 878 1192 sed
894 1153 912 1190 a
928 1133 1093 1191 senioribus
1110 1131 1154 1190 ita
1169 1132 1379 1207 adjuvabatur,

252 1228 287 1282 ut
309 1222 462 1298 graviores
485 1242 532 1280 res
556 1241 615 1279 non
638 1221 701 1279 sine
725 1240 826 1279 eorum
850 1221 972 1280 consilio
996 1221 1175 1296 dijudicaret
1191 1220 1287 1296 (Beda
1306 1220 1335 1277 h.
1352 1241 1381 1278 e.

254 1312 282 1383 3,
308 1311 326 1368 5
351 1312 368 1388 ξ
395 1309 471 1386 164)
503 1315 533 1368 11
562 1315 597 1368 ut
628 1330 720 1368 unum
751 1330 788 1367 ex
817 1309 876 1369 illis
901 1309 1071 1385 junioribus
1094 1308 1267 1387 praeficeret
1291 1329 1379 1385 prae·

251 1400 382 1478 positum
413 1399 466 1473 (ib.
498 1399 525 1471 1,
554 1399 605 1471 33,
632 1420 661 1476 p.
687 1399 764 1474 210)
794 1399 843 1457 vel
873 1399 925 1473 (ib.
958 1399 985 1470 1,
1014 1399 1064 1471 30,
1092 1420 1122 1476 p.
1146 1398 1223 1472 209)
1255 1416 1378 1474 operum

252 1488 495 1565 dispensatorem.
534 1487 643 1546 Tribus
667 1492 767 1546 autem
790 1487 904 1545 diurnis
927 1488 1068 1564 operibus
1092 1486 1172 1564 apud
1187 1484 1383 1544 Adamanum

253 1577 412 1635 monachos
434 1575 601 1634 invenimus
624 1576 765 1648 intentos,
788 1575 901 1647 iisdem,
926 1597 1001 1652 quae
1025 1577 1056 1633 in
1079 1576 1191 1651 regula,
1216 1594 1291 1651 quae
1311 1593 1379 1651 per*

252 1685 354 1743 peram
371 1663 533 1722 Columbae
556 1664 735 1723 attribuitur
758 1665 810 1740 (H.
827 1663 1005 1735 11118111,
1033 1666 1047 1721 1
1072 1685 1100 1741 p.
1120 1665 1204 1740 120),
1228 1663 1383 1721 monachis

253 1754 446 1812 mandantur:
471 1753 663 1824 orationibus,
686 1753 848 1826 laboribus,
871 1753 1055 1812 lectionibus.
1093 1753 1196 1828 Neque
1219 1752 1274 1810 bac
1297 1752 1329 1809 in
1345 1771 1382 1810 re

255 1843 414 1920 quicquam
438 1842 627 1918 conspicuum
651 1831 700 1900 est⁸
719 1841 777 1900 nisi
800 1842 831 1899 in
855 1842 1039 1900 orationibus
1063 1840 1285 1899 decantationes
1309 1841 1385 1899 illae

253 1931 433 2011 psalmorum
463 1930 605 2006 (Adamn.
628 1931 674 1989 vit
698 1929 760 1988 Ool.
788 1931 814 2002 l,
839 1931 890 2002 31,
918 1952 946 2008 p.
972 1932 1063 2007 209),
1094 1931 1131 1988 de
1162 1929 1270 2005 quibus
1299 1929 1381 1988 infra

247 2021 340 2098 'plura
371 2019 496 2077 dicenda
526 2026 608 2091 sunt,
639 2019 670 2076 in
698 2019 851 2078 laboribus
879 2020 951 2092 tria,
983 2039 1058 2096 quae
1089 2024 1249 2077 occurrunt
1275 2037 1380 2076 eorum

255 2128 376 2185 genera,
408 2107 536 2184 primum
566 2107 715 2167 scribendi
746 2107 887 2184 (Adamn.
915 2109 941 2180 1,
966 2109 1017 2181 22,
1045 2129 1074 2185 p.
1099 2109 1186 2183 206),
1218 2106 1382 2166 secundum

255 2216 364 2268 eorum,
389 2196 440 2271 qui
463 2197 494 2253 in
516 2197 583 2274 ipso
604 2197 786 2255 monasterio
808 2196 981 2274 perficiendi
1005 2201 1091 2255 erant
1114 2195 1256 2271 (Adamn.
1276 2196 1302 2268 1,
1328 2196 1383 2268 22,

255 2306 283 2363 p.
301 2284 379 2355 2063
404 2285 433 2356 2,
451 2283 501 2357 52,
522 2305 550 2362 p.
568 2285 655 2360 217),
678 2285 802 2343 tertium
825 2305 934 2358 eorum,
959 2305 1031 2361 quos
1056 2285 1240 2361 agricultura
1264 2285 1386 2343 ferebat

255 2373 423 2449 (11.1,30,
445 2392 474 2449 p.
492 2374 578 2449 209).
616 2372 754 2449 Denique
778 2393 837 2431 non
861 2374 996 2433 omittam
1020 2392 1248 2432 commemorare
1262 2373 1385 2431 labores

254 2462 323 2520 illos
345 2481 533 2538 nequaquam
556 2462 589 2520 in
611 2462 744 2539 singulas
767 2461 826 2521 diei
850 2463 938 2521 horas
961 2468 1043 2522 certa
1064 2462 1191 2539 quadam
1207 2463 1273 2538 lege
1288 2461 1385 2521 fuisse

256 2550 447 2621 distributos,
480 2551 532 2609 sed
554 2552 702 2628 periectos
726 2571 788 2610 esse
811 2553 859 2609 vel
882 2551 1001 2626 quando
1024 2551 1183 2610 necessitas
1206 2551 1310 2609 aderat
1332 2550 1385 2610 vel

257 2639 376 2716 quando
399 2639 551 2698 monachis
574 2641 622 2698 vel
645 2641 748 2700 abbati
772 2640 934 2700 collibebat
957 2639 1098 2716 (Adamn.
1126 2641 1152 2712 1,
1177 2641 1228 2712 30,
1252 2661 1281 2717 p.
1300 2640 1384 2712 2093

259 2729 286 2800 I,
311 2728 362 2800 21,
390 2748 419 2804 p.
444 2727 529 2804 205).
568 2726 715 2787 Attamen
742 2728 929 2787 horariarum
957 2740 1078 2806 precum
1106 2728 1285 2787 mentionem
1310 2747 1386 2786 casu·

258 2817 386 2894 quodam
410 2819 448 2877 ab
472 2815 652 2877 Adamnano
675 2818 786 2876 factam
809 2837 868 2875 non
892 2837 955 2876 esse
979 2817 1112 2895 opinor.1

345 2905 431 2966 Haec
453 2907 605 2965 hactenus.
642 2907 720 2967 Nam
742 2907 781 2966 ad
805 2906 1034 2984 comparandam
1055 2906 1207 2965 ecclesiam
1223 2903 1384 2964 Scotorum

257 3014 323 3053 cum
345 2993 482 3053 Romana
505 2994 668 3053 Columbae
691 2995 816 3053 historia
839 3015 942 3054 ansam
964 3015 1024 3053 non
1047 2995 1184 3073 praebet,
1217 2994 1286 3070 quia
1309 3000 1387 3053 tunc

256 3082 399 3158 temporis
429 3084 466 3141 de
495 3082 533 3140 111
563 3084 664 3156 rebus,
696 3103 773 3158 quae
803 3083 1017 3160 posterioribus
1048 3083 1232 3161 temporibus
1264 3088 1385 3142 contro*

256 3169 384 3229 versiam
408 3171 626 3244 excitaverunt,
654 3178 714 3229 non'
734 3174 798 3247 jam
821 3173 974 3248 agebatur.
1020 3172 1198 3248 Quanquam
1221 3171 1301 3229 enim
1324 3170 1386 3230 Oo-

257 3258 357 3316 lumba
388 3259 490 3318 eadem
520 3259 590 3318 festi
619 3260 767 3337 paschalis
798 3261 1018 3339 computatione
1049 3262 1191 3320 utebatur
1221 3266 1251 3319 et
1279 3260 1386 3319 eadem

256 3353 380 3407 tonsura
408 3354 543 3408 attonsus
574 3355 639 3409 erat
662 3354 753 3426 atque
776 3349 951 3427 posterioris
973 3349 1116 3427 temporis
1140 3349 1223 3408 Secti
1246 3382 1288 3394 -
1311 3356 1386 3408 nam

257 3441 288 3494 et
309 3436 454 3496 Columba
470 3438 669 3497 Luxoviensis
691 3443 851 3515 utrumque
874 3459 984 3499 morem
1005 3442 1068 3514 jam
1092 3444 1163 3497 tunc
1185 3438 1217 3495 in
1232 3437 1388 3496 Hibernia

257 3523 348 3582 1111111
363 3527 449 3584 testis
466 3532 511 3586 111
523 3526 647 3585 etBeda
658 3525 766 3604 prioris
779 3528 958 3586 mentionem
969 3527 1041 3585 fecit
1053 3528 1094 3602 (h.
1107 3547 1130 3588 e.
1145 3528 1173 3598 3,
1187 3526 1237 3604 41
1253 3528 1329 3602 160)
1340 3559 1381 3570 ·-

257 3619 366 3685 tamen,
391 3635 457 3672 cum
473 3613 618 3673 Columba
641 3615 716 3672 nihil
736 3616 901 3674 commercii
917 3615 1057 3673 habuerit
1073 3636 1139 3674 cum
1153 3615 1306 3688 Romania,
1326 3616 1385 3674 ab·

254 3704 335 3777 jecta
362 3701 534 3761 ι1111111111
565 3703 678 3777 fabula,
709 3723 785 3779 quae
814 3704 988 3763 Columbam
1019 3704 1091 3763 facit
1121 3704 1385 3782 praenuntiantem

256 3790 390 3850 futuram
419 3790 456 3848 de
488 3792 671 3852 celebrandis
697 3793 781 3853 111111
809 3793 913 3851 diebus
936 3792 1125 3870 paschalibus
1149 3792 1384 3853 controversiam

258 3880 301 3953 (1,
318 3880 347 3951 8,
370 3900 400 3956 p.
417 3880 502 3954 201),
527 3881 737 3959 suspicandum
754 3888 806 3955 est,
831 3901 896 3939 eum
913 3901 972 3940 non
988 3883 1113 3955 novisse,
1137 3881 1209 3958 quid
1225 3881 1385 3941 Scotorum

258 3968 413 4043 proprium
436 3968 482 4030 sit.

278 4082 280 4089 ’
346 4054 451 4134 Neque
475 4058 593 4118 omnino
617 4059 653 4117 de
676 4064 803 4134 utroque
827 4079 907 4118 more
930 4060 1024 4118 multa
1047 4059 1171 4117 dicenda
1187 4065 1266 4118 sunt.
1303 4058 1389 4140 Nam¹

257 4196 470 4208 nun*—

269 4288 272 4293 ·
332 4264 407 4320 ²De
431 4267 590 4334 puellarum
615 4267 807 4332 monasteriis,
835 4267 870 4321 de
895 4267 994 4336 quibus
1015 4267 1200 4321 Adamnanus
1219 4268 1274 4321 nisi
1293 4269 1386 4322 semel

259 4337 296 4406 (2,
321 4335 362 4403 71,
383 4354 410 4406 p.
432 4337 497 4406 224)
517 4337 691 4391 mentionem
710 4354 767 4390 non
785 4337 862 4405 lecit,
883 4338 957 4392 infra
978 4341 1017 4409 (p.
1037 4339 1084 4407 81)
1105 4337 1206 4392 dicam.
