<?xml version="1.0" encoding="UTF-8"?>
<!DOCTYPE html PUBLIC "-//W3C//DTD XHTML 1.0 Transitional//EN"
    "http://www.w3.org/TR/xhtml1/DTD/xhtml1-transitional.dtd">
<html xmlns="http://www.w3.org/1999/xhtml" xml:lang="en" lang="en">
 <head>
  <title>
</title>
<meta http-equiv="Content-Type" content="text/html;charset=utf-8" />
  <meta name='ocr-system' content='tesseract 3.04.00' />
  <meta name='ocr-capabilities' content='ocr_page ocr_carea ocr_par ocr_line ocrx_word'/>
</head>
<body>
  <div class='ocr_page' id='page_1' title='image "./antiquaebritonu00loofgoog_0075.png"; bbox 0 0 3024 4920; ppageno 0'>
   <div class='ocr_carea' id='block_1_1' title="bbox 716 179 948 259">
    <p class='ocr_par' dir='ltr' id='par_1_1' title="bbox 716 179 948 259">
     <span class='ocr_line' id='line_1_1' title="bbox 716 179 948 259; baseline 0 -23"><span class='ocrx_word' id='word_1_1' title='bbox 716 179 948 259; x_wconf 72' lang='lat' dir='ltr'><strong>v-ec--</strong></span> 
     </span>
    </p>
   </div>
   <div class='ocr_carea' id='block_1_2' title="bbox 179 352 1507 528">
    <p class='ocr_par' dir='ltr' id='par_1_2' title="bbox 179 352 1507 528">
     <span class='ocr_line' id='line_1_2' title="bbox 369 352 1507 434; baseline -0.003 -20"><span class='ocrx_word' id='word_1_2' title='bbox 369 358 452 431; x_wconf 79' lang='lat' dir='ltr'><strong>Quae</strong></span> <span class='ocrx_word' id='word_1_3' title='bbox 481 377 547 414; x_wconf 89' lang='lat' dir='ltr'><strong>cum</strong></span> <span class='ocrx_word' id='word_1_4' title='bbox 569 356 614 415; x_wconf 89' lang='lat' dir='ltr'><strong>ita</strong></span> <span class='ocrx_word' id='word_1_5' title='bbox 637 354 705 429; x_wconf 91' lang='lat' dir='ltr'><strong>sint,</strong></span> <span class='ocrx_word' id='word_1_6' title='bbox 729 357 829 434; x_wconf 83' lang='lat' dir='ltr'><strong>magni</strong></span> <span class='ocrx_word' id='word_1_7' title='bbox 852 355 994 414; x_wconf 75' lang='lat' dir='ltr'><strong>momenti</strong></span> <span class='ocrx_word' id='word_1_8' title='bbox 1016 360 1093 415; x_wconf 89' lang='lat' dir='ltr'><strong>esset</strong></span> <span class='ocrx_word' id='word_1_9' title='bbox 1116 355 1154 413; x_wconf 90' lang='lat' dir='ltr'><strong>ad</strong></span> <span class='ocrx_word' id='word_1_10' title='bbox 1170 352 1405 431; x_wconf 80' lang='lat' dir='ltr'><strong>cognoscendam</strong></span> <span class='ocrx_word' id='word_1_11' title='bbox 1499 385 1507 428; x_wconf 64' lang='grc' dir='ltr'><em>ς</em></span> 
     </span>
     <span class='ocr_line' id='line_1_3' title="bbox 179 439 1499 528; baseline -0.005 -21"><span class='ocrx_word' id='word_1_12' title='bbox 179 454 181 457; x_wconf 84' lang='grc'><strong>’</strong></span> <span class='ocrx_word' id='word_1_13' title='bbox 277 447 419 507; x_wconf 86' lang='lat' dir='ltr'><strong>ecclesiae</strong></span> <span class='ocrx_word' id='word_1_14' title='bbox 443 444 600 504; x_wconf 77' lang='lat' dir='ltr'><strong>Scotorum</strong></span> <span class='ocrx_word' id='word_1_15' title='bbox 624 449 760 505; x_wconf 85' lang='lat' dir='ltr'><strong>naturam</strong></span> <span class='ocrx_word' id='word_1_16' title='bbox 784 445 965 528; x_wconf 83' lang='lat' dir='ltr'><strong>cognovisse,</strong></span> <span class='ocrx_word' id='word_1_17' title='bbox 997 445 1075 502; x_wconf 93' lang='lat' dir='ltr'><strong>unde</strong></span> <span class='ocrx_word' id='word_1_18' title='bbox 1098 444 1172 502; x_wconf 88' lang='lat' dir='ltr'><strong>haec</strong></span> <span class='ocrx_word' id='word_1_19' title='bbox 1194 450 1281 502; x_wconf 86' lang='lat' dir='ltr'><strong>tanta</strong></span> <span class='ocrx_word' id='word_1_20' title='bbox 1304 464 1405 502; x_wconf 90' lang='lat' dir='ltr'><strong>mona·</strong></span> <span class='ocrx_word' id='word_1_21' title='bbox 1491 439 1499 447; x_wconf 76' lang='lat'>&#39;</span> 
     </span>
    </p>
   </div>
   <div class='ocr_carea' id='block_1_3' title="bbox 207 532 1416 3274">
    <p class='ocr_par' dir='ltr' id='par_1_3' title="bbox 207 532 1415 2918">
     <span class='ocr_line' id='line_1_4' title="bbox 277 532 1407 610; baseline -0.004 -15"><span class='ocrx_word' id='word_1_22' title='bbox 277 536 401 595; x_wconf 89' lang='lat' dir='ltr'><strong>chorum</strong></span> <span class='ocrx_word' id='word_1_23' title='bbox 432 541 463 592; x_wconf 87' lang='lat' dir='ltr'><strong>et</strong></span> <span class='ocrx_word' id='word_1_24' title='bbox 493 533 585 610; x_wconf 93' lang='lat' dir='ltr'><strong>ipsius</strong></span> <span class='ocrx_word' id='word_1_25' title='bbox 614 534 694 593; x_wconf 88' lang='lat' dir='ltr'><strong>vitae</strong></span> <span class='ocrx_word' id='word_1_26' title='bbox 724 534 913 593; x_wconf 76' lang='lat' dir='ltr'><strong>monachicae</strong></span> <span class='ocrx_word' id='word_1_27' title='bbox 942 533 1105 593; x_wconf 85' lang='lat' dir='ltr'><strong>auctoritas</strong></span> <span class='ocrx_word' id='word_1_28' title='bbox 1133 540 1200 591; x_wconf 88' lang='lat' dir='ltr'><strong>orta</strong></span> <span class='ocrx_word' id='word_1_29' title='bbox 1223 538 1301 607; x_wconf 80' lang='lat' dir='ltr'><strong>esset</strong></span> <span class='ocrx_word' id='word_1_30' title='bbox 1324 532 1407 610; x_wconf 86' lang='lat' dir='ltr'><strong>apud</strong></span> 
     </span>
     <span class='ocr_line' id='line_1_5' title="bbox 275 621 1408 700; baseline -0.005 -16"><span class='ocrx_word' id='word_1_31' title='bbox 275 623 392 685; x_wconf 80' lang='lat' dir='ltr'><strong>Scotos.</strong></span> <span class='ocrx_word' id='word_1_32' title='bbox 439 622 498 682; x_wconf 83' lang='lat' dir='ltr'><strong>Sed</strong></span> <span class='ocrx_word' id='word_1_33' title='bbox 528 622 647 695; x_wconf 87' lang='lat' dir='ltr'><strong>dubito,</strong></span> <span class='ocrx_word' id='word_1_34' title='bbox 680 642 779 681; x_wconf 90' lang='lat' dir='ltr'><strong>annon</strong></span> <span class='ocrx_word' id='word_1_35' title='bbox 809 624 881 682; x_wconf 89' lang='lat' dir='ltr'><strong>haec</strong></span> <span class='ocrx_word' id='word_1_36' title='bbox 912 622 1028 698; x_wconf 77' lang='lat' dir='ltr'><strong>questio</strong></span> <span class='ocrx_word' id='word_1_37' title='bbox 1060 622 1136 680; x_wconf 90' lang='lat' dir='ltr'><strong>solvi</strong></span> <span class='ocrx_word' id='word_1_38' title='bbox 1166 621 1269 700; x_wconf 89' lang='lat' dir='ltr'><strong>possit.</strong></span> <span class='ocrx_word' id='word_1_39' title='bbox 1316 621 1408 680; x_wconf 82' lang='lat' dir='ltr'><strong>Certe</strong></span> 
     </span>
     <span class='ocr_line' id='line_1_6' title="bbox 278 708 1406 788; baseline -0.004 -16"><span class='ocrx_word' id='word_1_40' title='bbox 278 716 391 772; x_wconf 88' lang='lat' dir='ltr'><strong>frustra</strong></span> <span class='ocrx_word' id='word_1_41' title='bbox 414 711 542 775; x_wconf 86' lang='lat' dir='ltr'><strong>Skeuius</strong></span> <span class='ocrx_word' id='word_1_42' title='bbox 574 732 637 769; x_wconf 89' lang='lat' dir='ltr'><strong>eam</strong></span> <span class='ocrx_word' id='word_1_43' title='bbox 668 712 782 770; x_wconf 87' lang='lat' dir='ltr'><strong>solvere</strong></span> <span class='ocrx_word' id='word_1_44' title='bbox 813 716 934 770; x_wconf 87' lang='lat' dir='ltr'><strong>conatus</strong></span> <span class='ocrx_word' id='word_1_45' title='bbox 966 717 1012 770; x_wconf 91' lang='lat' dir='ltr'><strong>est</strong></span> <span class='ocrx_word' id='word_1_46' title='bbox 1039 710 1096 787; x_wconf 86' lang='lat' dir='ltr'>(II,</span> <span class='ocrx_word' id='word_1_47' title='bbox 1119 732 1149 788; x_wconf 91' lang='lat' dir='ltr'><strong>p.</strong></span> <span class='ocrx_word' id='word_1_48' title='bbox 1173 710 1328 786; x_wconf 74' lang='lat'><strong>45-50).</strong></span> <span class='ocrx_word' id='word_1_49' title='bbox 1374 708 1406 768; x_wconf 89' lang='lat' dir='ltr'>A</span> 
     </span>
     <span class='ocr_line' id='line_1_7' title="bbox 279 799 1405 862; baseline -0.006 0"><span class='ocrx_word' id='word_1_50' title='bbox 279 802 328 862; x_wconf 81' lang='lat' dir='ltr'><strong>Sti</strong></span> <span class='ocrx_word' id='word_1_51' title='bbox 351 801 474 860; x_wconf 87' lang='lat' dir='ltr'><strong>Martini</strong></span> <span class='ocrx_word' id='word_1_52' title='bbox 505 800 683 858; x_wconf 88' lang='lat' dir='ltr'><strong>monasterio</strong></span> <span class='ocrx_word' id='word_1_53' title='bbox 713 801 880 859; x_wconf 77' lang='lat' dir='ltr'><strong>Turonensi</strong></span> <span class='ocrx_word' id='word_1_54' title='bbox 912 800 1027 858; x_wconf 89' lang='lat' dir='ltr'><strong>duabus</strong></span> <span class='ocrx_word' id='word_1_55' title='bbox 1057 799 1114 858; x_wconf 88' lang='lat' dir='ltr'><strong>viis</strong></span> <span class='ocrx_word' id='word_1_56' title='bbox 1144 799 1187 858; x_wconf 89' lang='lat' dir='ltr'><strong>rei</strong></span> <span class='ocrx_word' id='word_1_57' title='bbox 1218 799 1405 859; x_wconf 76' lang='lat' dir='ltr'><strong>monachicae</strong></span> 
     </span>
     <span class='ocr_line' id='line_1_8' title="bbox 279 886 1407 967; baseline -0.003 -18"><span class='ocrx_word' id='word_1_58' title='bbox 279 911 409 949; x_wconf 86' lang='lat' dir='ltr'><strong>amorem</strong></span> <span class='ocrx_word' id='word_1_59' title='bbox 440 889 471 946; x_wconf 91' lang='lat' dir='ltr'><strong>in</strong></span> <span class='ocrx_word' id='word_1_60' title='bbox 499 887 679 946; x_wconf 84' lang='lat' dir='ltr'><strong>Hiberniam</strong></span> <span class='ocrx_word' id='word_1_61' title='bbox 708 890 878 966; x_wconf 89' lang='lat' dir='ltr'><strong>pervenisse</strong></span> <span class='ocrx_word' id='word_1_62' title='bbox 901 896 1002 967; x_wconf 87' lang='lat' dir='ltr'><strong>putat,</strong></span> <span class='ocrx_word' id='word_1_63' title='bbox 1032 888 1132 967; x_wconf 88' lang='lat' dir='ltr'><strong>priore</strong></span> <span class='ocrx_word' id='word_1_64' title='bbox 1162 909 1217 966; x_wconf 90' lang='lat' dir='ltr'><strong>per</strong></span> <span class='ocrx_word' id='word_1_65' title='bbox 1240 886 1407 947; x_wconf 80' lang='lat' dir='ltr'><strong>Candidam</strong></span> 
     </span>
     <span class='ocr_line' id='line_1_9' title="bbox 280 976 1407 1056; baseline -0.004 -18"><span class='ocrx_word' id='word_1_66' title='bbox 280 996 386 1051; x_wconf 86' lang='lat' dir='ltr'><strong>casam,</strong></span> <span class='ocrx_word' id='word_1_67' title='bbox 410 977 475 1036; x_wconf 76' lang='lat' dir='ltr'><strong>Scri</strong></span> <span class='ocrx_word' id='word_1_68' title='bbox 497 977 605 1038; x_wconf 81' lang='lat' dir='ltr'><strong>Niniue</strong></span> <span class='ocrx_word' id='word_1_69' title='bbox 627 978 848 1051; x_wconf 89' lang='lat' dir='ltr'><strong>monasterium,</strong></span> <span class='ocrx_word' id='word_1_70' title='bbox 873 979 968 1037; x_wconf 85' lang='lat' dir='ltr'><strong>altera</strong></span> <span class='ocrx_word' id='word_1_71' title='bbox 991 998 1045 1056; x_wconf 93' lang='lat' dir='ltr'><strong>per</strong></span> <span class='ocrx_word' id='word_1_72' title='bbox 1067 977 1208 1036; x_wconf 89' lang='lat' dir='ltr'><strong>Britones</strong></span> <span class='ocrx_word' id='word_1_73' title='bbox 1228 976 1407 1036; x_wconf 80' lang='lat' dir='ltr'><strong>Armoricae</strong></span> 
     </span>
     <span class='ocr_line' id='line_1_10' title="bbox 281 1065 1406 1144; baseline -0.004 -18"><span class='ocrx_word' id='word_1_74' title='bbox 281 1074 311 1126; x_wconf 88' lang='lat' dir='ltr'><strong>et</strong></span> <span class='ocrx_word' id='word_1_75' title='bbox 342 1065 507 1126; x_wconf 80' lang='lat' dir='ltr'><strong>Cambriae.</strong></span> <span class='ocrx_word' id='word_1_76' title='bbox 553 1065 674 1126; x_wconf 87' lang='lat' dir='ltr'><strong>Niuiem</strong></span> <span class='ocrx_word' id='word_1_77' title='bbox 705 1066 796 1139; x_wconf 81' lang='lat' dir='ltr'><strong>enim,</strong></span> <span class='ocrx_word' id='word_1_78' title='bbox 828 1088 915 1143; x_wconf 90' lang='lat' dir='ltr'><strong>quem</strong></span> <span class='ocrx_word' id='word_1_79' title='bbox 944 1067 1028 1124; x_wconf 91' lang='lat' dir='ltr'><strong>Beda</strong></span> <span class='ocrx_word' id='word_1_80' title='bbox 1060 1065 1100 1141; x_wconf 93' lang='lat' dir='ltr'><strong>(h.</strong></span> <span class='ocrx_word' id='word_1_81' title='bbox 1131 1087 1155 1124; x_wconf 89' lang='lat' dir='ltr'><strong>e.</strong></span> <span class='ocrx_word' id='word_1_82' title='bbox 1180 1067 1208 1138; x_wconf 88' lang='lat'><strong>3,</strong></span> <span class='ocrx_word' id='word_1_83' title='bbox 1237 1066 1257 1122; x_wconf 92' lang='grc'>4</span> <span class='ocrx_word' id='word_1_84' title='bbox 1285 1067 1303 1144; x_wconf 63' lang='grc' dir='ltr'>ξ</span> <span class='ocrx_word' id='word_1_85' title='bbox 1330 1065 1406 1140; x_wconf 85' lang='grc'>158)</span> 
     </span>
     <span class='ocr_line' id='line_1_11' title="bbox 280 1152 1407 1235; baseline -0.004 -19"><span class='ocrx_word' id='word_1_86' title='bbox 280 1156 414 1235; x_wconf 87' lang='lat' dir='ltr'><strong>prodidit</strong></span> <span class='ocrx_word' id='word_1_87' title='bbox 436 1155 537 1228; x_wconf 85' lang='lat' dir='ltr'><strong>fuisse,</strong></span> <span class='ocrx_word' id='word_1_88' title='bbox 564 1162 596 1212; x_wconf 85' lang='lat' dir='ltr'><strong>ut</strong></span> <span class='ocrx_word' id='word_1_89' title='bbox 611 1152 810 1234; x_wconf 66' lang='lat' dir='ltr'><strong>pertritum,</strong></span> <span class='ocrx_word' id='word_1_90' title='bbox 842 1156 1013 1234; x_wconf 88' lang='lat' dir='ltr'><strong>episcopum</strong></span> <span class='ocrx_word' id='word_1_91' title='bbox 1035 1156 1072 1212; x_wconf 91' lang='lat' dir='ltr'><strong>de</strong></span> <span class='ocrx_word' id='word_1_92' title='bbox 1096 1155 1215 1216; x_wconf 86' lang='lat' dir='ltr'><strong>natione</strong></span> <span class='ocrx_word' id='word_1_93' title='bbox 1238 1155 1407 1225; x_wconf 85' lang='lat' dir='ltr'><strong>Britonum,</strong></span> 
     </span>
     <span class='ocr_line' id='line_1_12' title="bbox 278 1239 1406 1327; baseline -0.003 -24"><span class='ocrx_word' id='word_1_94' title='bbox 278 1243 332 1326; x_wconf 81' lang='lat' dir='ltr'><strong>qai</strong></span> <span class='ocrx_word' id='word_1_95' title='bbox 353 1241 469 1308; x_wconf 77' lang='lat' dir='ltr'><strong>Romae</strong></span> <span class='ocrx_word' id='word_1_96' title='bbox 491 1239 663 1324; x_wconf 62' lang='lat' dir='ltr'><strong>repeterem</strong></span> <span class='ocrx_word' id='word_1_97' title='bbox 676 1243 772 1327; x_wconf 69' lang='lat' dir='ltr'><strong>¹fidem</strong></span> <span class='ocrx_word' id='word_1_98' title='bbox 795 1253 820 1303; x_wconf 88' lang='lat' dir='ltr'><strong>ct</strong></span> <span class='ocrx_word' id='word_1_99' title='bbox 843 1243 981 1323; x_wconf 70' lang='lat' dir='ltr'><strong>mysterio</strong></span> <span class='ocrx_word' id='word_1_100' title='bbox 1002 1241 1129 1304; x_wconf 68' lang='lat' dir='ltr'><strong>vatinio</strong></span> <span class='ocrx_word' id='word_1_101' title='bbox 1153 1242 1268 1303; x_wconf 80' lang='lat' dir='ltr'><strong>edoctus</strong></span> <span class='ocrx_word' id='word_1_102' title='bbox 1291 1251 1406 1302; x_wconf 82' lang='lat' dir='ltr'><strong>austro·</strong></span> 
     </span>
     <span class='ocr_line' id='line_1_13' title="bbox 261 1327 1405 1414; baseline -0.004 -20"><span class='ocrx_word' id='word_1_103' title='bbox 261 1368 262 1371; x_wconf 16' lang='grc' dir='ltr'><strong>κ</strong></span> <span class='ocrx_word' id='word_1_104' title='bbox 277 1331 355 1394; x_wconf 75' lang='lat' dir='ltr'><strong>libros</strong></span> <span class='ocrx_word' id='word_1_105' title='bbox 371 1329 462 1392; x_wconf 77' lang='lat' dir='ltr'><strong>Pictis</strong></span> <span class='ocrx_word' id='word_1_106' title='bbox 477 1330 598 1392; x_wconf 69' lang='lat' dir='ltr'><strong>oubam</strong></span> <span class='ocrx_word' id='word_1_107' title='bbox 612 1331 661 1391; x_wconf 64' lang='lat' dir='ltr'><strong>dat</strong></span> <span class='ocrx_word' id='word_1_108' title='bbox 668 1331 869 1412; x_wconf 62' lang='lat' dir='ltr'><strong>praedicasset</strong></span> <span class='ocrx_word' id='word_1_109' title='bbox 883 1332 1035 1414; x_wconf 79' lang='lat' dir='ltr'><strong>aedemque</strong></span> <span class='ocrx_word' id='word_1_110' title='bbox 1050 1330 1243 1413; x_wconf 77' lang='lat' dir='ltr'><strong>episcopalem</strong></span> <span class='ocrx_word' id='word_1_111' title='bbox 1258 1329 1306 1392; x_wconf 78' lang='lat' dir='ltr'><strong>So‘</strong></span> <span class='ocrx_word' id='word_1_112' title='bbox 1321 1327 1405 1390; x_wconf 86' lang='lat' dir='ltr'><strong>Mar-</strong></span> 
     </span>
     <span class='ocr_line' id='line_1_14' title="bbox 280 1418 1408 1503; baseline -0.001 -21"><span class='ocrx_word' id='word_1_113' title='bbox 280 1420 335 1482; x_wconf 78' lang='lat' dir='ltr'><strong>tini</strong></span> <span class='ocrx_word' id='word_1_114' title='bbox 361 1419 490 1503; x_wconf 65' lang='lat' dir='ltr'><strong>episoma</strong></span> <span class='ocrx_word' id='word_1_115' title='bbox 517 1419 632 1480; x_wconf 82' lang='lat' dir='ltr'><strong>nomine</strong></span> <span class='ocrx_word' id='word_1_116' title='bbox 655 1430 680 1480; x_wconf 82' lang='lat' dir='ltr'><strong>ot</strong></span> <span class='ocrx_word' id='word_1_117' title='bbox 703 1419 819 1480; x_wconf 83' lang='lat' dir='ltr'><strong>ecclesio</strong></span> <span class='ocrx_word' id='word_1_118' title='bbox 840 1420 982 1502; x_wconf 70' lang='lat' dir='ltr'><strong>inciperem</strong></span> <span class='ocrx_word' id='word_1_119' title='bbox 1004 1419 1147 1480; x_wconf 76' lang='lat' dir='ltr'><strong>tabuisset</strong></span> <span class='ocrx_word' id='word_1_120' title='bbox 1170 1420 1213 1480; x_wconf 83' lang='lat' dir='ltr'><strong>cd</strong></span> <span class='ocrx_word' id='word_1_121' title='bbox 1238 1418 1408 1481; x_wconf 75' lang='lat' dir='ltr'><strong>Ocnde&#39;dum</strong></span> 
     </span>
     <span class='ocr_line' id='line_1_15' title="bbox 280 1509 1407 1589; baseline -0.003 -19"><span class='ocrx_word' id='word_1_122' title='bbox 280 1529 396 1580; x_wconf 80' lang='lat' dir='ltr'><strong>caeam,</strong></span> <span class='ocrx_word' id='word_1_123' title='bbox 420 1509 547 1569; x_wconf 85' lang='lat' dir='ltr'><strong>Skenius</strong></span> <span class='ocrx_word' id='word_1_124' title='bbox 570 1510 743 1588; x_wconf 85' lang='lat' dir='ltr'><strong>posterioris</strong></span> <span class='ocrx_word' id='word_1_125' title='bbox 766 1511 908 1588; x_wconf 85' lang='lat' dir='ltr'><strong>temporis</strong></span> <span class='ocrx_word' id='word_1_126' title='bbox 931 1511 1126 1589; x_wconf 83' lang='lat' dir='ltr'><strong>scriptoribus</strong></span> <span class='ocrx_word' id='word_1_127' title='bbox 1150 1510 1215 1585; x_wconf 86' lang='lat' dir='ltr'><strong>(vit.</strong></span> <span class='ocrx_word' id='word_1_128' title='bbox 1238 1511 1307 1570; x_wconf 87' lang='lat' dir='ltr'><strong>Nin.</strong></span> <span class='ocrx_word' id='word_1_129' title='bbox 1332 1530 1407 1570; x_wconf 84' lang='lat' dir='ltr'><strong>saec.</strong></span> 
     </span>
     <span class='ocr_line' id='line_1_16' title="bbox 280 1599 1407 1676; baseline 0 -18"><span class='ocrx_word' id='word_1_130' title='bbox 280 1599 363 1675; x_wconf 83' lang='lat' dir='ltr'>XII)</span> <span class='ocrx_word' id='word_1_131' title='bbox 387 1599 508 1656; x_wconf 88' lang='lat' dir='ltr'><strong>nimiam</strong></span> <span class='ocrx_word' id='word_1_132' title='bbox 533 1599 622 1657; x_wconf 90' lang='lat' dir='ltr'><strong>fidem</strong></span> <span class='ocrx_word' id='word_1_133' title='bbox 643 1600 756 1659; x_wconf 87' lang='lat' dir='ltr'><strong>habens</strong></span> <span class='ocrx_word' id='word_1_134' title='bbox 780 1600 918 1676; x_wconf 81' lang='lat' dir='ltr'><strong>opinatur</strong></span> <span class='ocrx_word' id='word_1_135' title='bbox 942 1604 987 1658; x_wconf 91' lang='lat' dir='ltr'><strong>est</strong></span> <span class='ocrx_word' id='word_1_136' title='bbox 1009 1620 1069 1659; x_wconf 91' lang='lat' dir='ltr'><strong>non</strong></span> <span class='ocrx_word' id='word_1_137' title='bbox 1092 1599 1187 1657; x_wconf 92' lang='lat' dir='ltr'><strong>solum</strong></span> <span class='ocrx_word' id='word_1_138' title='bbox 1208 1599 1317 1658; x_wconf 84' lang='lat' dir='ltr'><strong>vixisse</strong></span> <span class='ocrx_word' id='word_1_139' title='bbox 1333 1605 1407 1659; x_wconf 88' lang='lat' dir='ltr'><strong>tem·</strong></span> 
     </span>
     <span class='ocr_line' id='line_1_17' title="bbox 282 1687 1408 1767; baseline 0 -21"><span class='ocrx_word' id='word_1_140' title='bbox 282 1687 405 1767; x_wconf 91' lang='lat' dir='ltr'><strong>poribus</strong></span> <span class='ocrx_word' id='word_1_141' title='bbox 437 1687 500 1746; x_wconf 84' lang='lat' dir='ltr'><strong>Soti</strong></span> <span class='ocrx_word' id='word_1_142' title='bbox 528 1688 653 1747; x_wconf 88' lang='lat' dir='ltr'><strong>Martini</strong></span> <span class='ocrx_word' id='word_1_143' title='bbox 676 1687 732 1763; x_wconf 86' lang='lat' dir='ltr'><strong>(H,</strong></span> <span class='ocrx_word' id='word_1_144' title='bbox 756 1711 785 1766; x_wconf 93' lang='lat' dir='ltr'><strong>p.</strong></span> <span class='ocrx_word' id='word_1_145' title='bbox 810 1690 843 1765; x_wconf 88' lang='lat'><strong>3)</strong></span> <span class='ocrx_word' id='word_1_146' title='bbox 874 1689 926 1747; x_wconf 88' lang='lat' dir='ltr'><strong>sed</strong></span> <span class='ocrx_word' id='word_1_147' title='bbox 956 1689 1046 1748; x_wconf 85' lang='lat' dir='ltr'><strong>etiam</strong></span> <span class='ocrx_word' id='word_1_148' title='bbox 1070 1687 1241 1746; x_wconf 80' lang='lat' dir='ltr'><strong>Turonibus</strong></span> <span class='ocrx_word' id='word_1_149' title='bbox 1270 1688 1408 1748; x_wconf 87' lang='lat' dir='ltr'><strong>visitasse</strong></span> 
     </span>
     <span class='ocr_line' id='line_1_18' title="bbox 207 1773 1408 1856; baseline 0 -22"><span class='ocrx_word' id='word_1_150' title='bbox 207 1773 209 1778; x_wconf 71' lang='grc'><strong>’</strong></span> <span class='ocrx_word' id='word_1_151' title='bbox 278 1777 381 1856; x_wconf 87' lang='lat' dir='ltr'><strong>ipsum</strong></span> <span class='ocrx_word' id='word_1_152' title='bbox 403 1777 488 1835; x_wconf 86' lang='lat' dir='ltr'><strong>ilium</strong></span> <span class='ocrx_word' id='word_1_153' title='bbox 510 1775 653 1835; x_wconf 81' lang='lat' dir='ltr'><strong>Sanctum</strong></span> <span class='ocrx_word' id='word_1_154' title='bbox 677 1777 732 1853; x_wconf 86' lang='lat' dir='ltr'><strong>(II,</strong></span> <span class='ocrx_word' id='word_1_155' title='bbox 756 1798 785 1854; x_wconf 92' lang='lat' dir='ltr'><strong>p.</strong></span> <span class='ocrx_word' id='word_1_156' title='bbox 809 1777 864 1853; x_wconf 88' lang='grc'><strong>45)</strong></span> <span class='ocrx_word' id='word_1_157' title='bbox 889 1782 1010 1855; x_wconf 77' lang='lat' dir='ltr'><strong>eJ&#39;usque</strong></span> <span class='ocrx_word' id='word_1_158' title='bbox 1035 1777 1156 1836; x_wconf 87' lang='lat' dir='ltr'><strong>oonsilio</strong></span> <span class='ocrx_word' id='word_1_159' title='bbox 1180 1797 1267 1835; x_wconf 90' lang='lat' dir='ltr'><strong>usum</strong></span> <span class='ocrx_word' id='word_1_160' title='bbox 1291 1798 1353 1836; x_wconf 90' lang='lat' dir='ltr'><strong>esse</strong></span> <span class='ocrx_word' id='word_1_161' title='bbox 1376 1777 1408 1835; x_wconf 91' lang='lat' dir='ltr'><strong>in</strong></span> 
     </span>
     <span class='ocr_line' id='line_1_19' title="bbox 279 1865 1408 1943; baseline 0 -18"><span class='ocrx_word' id='word_1_162' title='bbox 279 1865 480 1926; x_wconf 84' lang='lat' dir='ltr'><strong>construenda</strong></span> <span class='ocrx_word' id='word_1_163' title='bbox 503 1884 557 1924; x_wconf 88' lang='lat' dir='ltr'><strong>sua</strong></span> <span class='ocrx_word' id='word_1_164' title='bbox 578 1866 708 1938; x_wconf 87' lang='lat' dir='ltr'><strong>ecelesia,</strong></span> <span class='ocrx_word' id='word_1_165' title='bbox 732 1886 821 1943; x_wconf 91' lang='lat' dir='ltr'><strong>quam</strong></span> <span class='ocrx_word' id='word_1_166' title='bbox 837 1887 902 1924; x_wconf 91' lang='lat' dir='ltr'><strong>cum</strong></span> <span class='ocrx_word' id='word_1_167' title='bbox 918 1865 1098 1925; x_wconf 87' lang='lat' dir='ltr'><strong>monasterio</strong></span> <span class='ocrx_word' id='word_1_168' title='bbox 1115 1869 1301 1941; x_wconf 85' lang='lat' dir='ltr'><strong>conjunctam</strong></span> <span class='ocrx_word' id='word_1_169' title='bbox 1317 1866 1408 1925; x_wconf 86' lang='lat' dir='ltr'><strong>fuisse</strong></span> 
     </span>
     <span class='ocr_line' id='line_1_20' title="bbox 279 1953 1410 2033; baseline 0 -19"><span class='ocrx_word' id='word_1_170' title='bbox 279 1955 350 2015; x_wconf 89' lang='lat' dir='ltr'><strong>aliis</strong></span> <span class='ocrx_word' id='word_1_171' title='bbox 380 1953 579 2031; x_wconf 88' lang='lat' dir='ltr'><strong>posteriorum</strong></span> <span class='ocrx_word' id='word_1_172' title='bbox 610 1955 680 2015; x_wconf 88' lang='lat' dir='ltr'><strong>vitis</strong></span> <span class='ocrx_word' id='word_1_173' title='bbox 710 1956 804 2016; x_wconf 86' lang='lat' dir='ltr'><strong>fretus</strong></span> <span class='ocrx_word' id='word_1_174' title='bbox 835 1955 973 2017; x_wconf 86' lang='lat' dir='ltr'><strong>affirmat.</strong></span> <span class='ocrx_word' id='word_1_175' title='bbox 1018 1955 1094 2013; x_wconf 89' lang='lat' dir='ltr'><strong>Indo</strong></span> <span class='ocrx_word' id='word_1_176' title='bbox 1124 1975 1179 2033; x_wconf 90' lang='lat' dir='ltr'><strong>per</strong></span> <span class='ocrx_word' id='word_1_177' title='bbox 1207 1975 1270 2028; x_wconf 90' lang='lat' dir='ltr'><strong>eos,</strong></span> <span class='ocrx_word' id='word_1_178' title='bbox 1302 1954 1354 2030; x_wconf 92' lang='lat' dir='ltr'><strong>qui</strong></span> <span class='ocrx_word' id='word_1_179' title='bbox 1378 1954 1410 2014; x_wconf 93' lang='lat' dir='ltr'><strong>in</strong></span> 
     </span>
     <span class='ocr_line' id='line_1_21' title="bbox 280 2042 1409 2122; baseline 0 -19"><span class='ocrx_word' id='word_1_180' title='bbox 280 2042 391 2104; x_wconf 79' lang='lat' dir='ltr'><strong>Niniue</strong></span> <span class='ocrx_word' id='word_1_181' title='bbox 422 2044 602 2102; x_wconf 89' lang='lat' dir='ltr'><strong>monasterio</strong></span> <span class='ocrx_word' id='word_1_182' title='bbox 634 2044 744 2104; x_wconf 85' lang='lat' dir='ltr'><strong>eruditi</strong></span> <span class='ocrx_word' id='word_1_183' title='bbox 774 2051 885 2115; x_wconf 85' lang='lat' dir='ltr'><strong>essent,</strong></span> <span class='ocrx_word' id='word_1_184' title='bbox 916 2044 996 2104; x_wconf 88' lang='lat' dir='ltr'><strong>inter</strong></span> <span class='ocrx_word' id='word_1_185' title='bbox 1027 2065 1101 2122; x_wconf 89' lang='lat' dir='ltr'><strong>quos</strong></span> <span class='ocrx_word' id='word_1_186' title='bbox 1132 2048 1163 2101; x_wconf 86' lang='lat' dir='ltr'><strong>et</strong></span> <span class='ocrx_word' id='word_1_187' title='bbox 1189 2043 1287 2120; x_wconf 90' lang='lat' dir='ltr'><strong>ipsum</strong></span> <span class='ocrx_word' id='word_1_188' title='bbox 1315 2042 1409 2103; x_wconf 81' lang='lat' dir='ltr'><strong>Find-</strong></span> 
     </span>
     <span class='ocr_line' id='line_1_22' title="bbox 283 2130 1410 2210; baseline 0 -19"><span class='ocrx_word' id='word_1_189' title='bbox 283 2134 414 2204; x_wconf 80' lang='lat' dir='ltr'><strong>barmm,</strong></span> <span class='ocrx_word' id='word_1_190' title='bbox 439 2132 601 2191; x_wconf 81' lang='lat' dir='ltr'><strong>Columbae</strong></span> <span class='ocrx_word' id='word_1_191' title='bbox 624 2132 759 2193; x_wconf 89' lang='lat' dir='ltr'><strong>Hiiensis</strong></span> <span class='ocrx_word' id='word_1_192' title='bbox 781 2133 966 2210; x_wconf 82' lang='lat' dir='ltr'><strong>magistrum,</strong></span> <span class='ocrx_word' id='word_1_193' title='bbox 990 2140 1020 2192; x_wconf 89' lang='lat' dir='ltr'><strong>et</strong></span> <span class='ocrx_word' id='word_1_194' title='bbox 1043 2133 1118 2192; x_wconf 90' lang='lat' dir='ltr'><strong>alios</strong></span> <span class='ocrx_word' id='word_1_195' title='bbox 1141 2132 1264 2191; x_wconf 90' lang='lat' dir='ltr'><strong>secundi</strong></span> <span class='ocrx_word' id='word_1_196' title='bbox 1284 2130 1410 2191; x_wconf 83' lang='lat' dir='ltr'><strong>Sancto·</strong></span> 
     </span>
     <span class='ocr_line' id='line_1_23' title="bbox 282 2220 1410 2295; baseline 0.001 -16"><span class='ocrx_word' id='word_1_197' title='bbox 282 2241 350 2279; x_wconf 87' lang='lat' dir='ltr'><strong>rum</strong></span> <span class='ocrx_word' id='word_1_198' title='bbox 373 2220 536 2278; x_wconf 87' lang='lat' dir='ltr'><strong>Hiberniae</strong></span> <span class='ocrx_word' id='word_1_199' title='bbox 565 2221 677 2280; x_wconf 86' lang='lat' dir='ltr'><strong>ordinis</strong></span> <span class='ocrx_word' id='word_1_200' title='bbox 707 2228 825 2283; x_wconf 88' lang='lat' dir='ltr'><strong>sanctos</strong></span> <span class='ocrx_word' id='word_1_201' title='bbox 853 2228 1019 2295; x_wconf 87' lang='lat' dir='ltr'><strong>enumerat,</strong></span> <span class='ocrx_word' id='word_1_202' title='bbox 1050 2222 1082 2279; x_wconf 91' lang='lat' dir='ltr'><strong>in</strong></span> <span class='ocrx_word' id='word_1_203' title='bbox 1104 2221 1283 2285; x_wconf 86' lang='lat' dir='ltr'><strong>Hiberniam</strong></span> <span class='ocrx_word' id='word_1_204' title='bbox 1311 2226 1410 2283; x_wconf 90' lang='lat' dir='ltr'><strong>trans·</strong></span> 
     </span>
     <span class='ocr_line' id='line_1_24' title="bbox 282 2308 1413 2385; baseline 0 -17"><span class='ocrx_word' id='word_1_205' title='bbox 282 2311 428 2385; x_wconf 83' lang='lat' dir='ltr'><strong>migrasse</strong></span> <span class='ocrx_word' id='word_1_206' title='bbox 451 2314 603 2367; x_wconf 86' lang='lat' dir='ltr'><strong>asseverat</strong></span> <span class='ocrx_word' id='word_1_207' title='bbox 625 2311 706 2368; x_wconf 88' lang='lat' dir='ltr'><strong>vitae</strong></span> <span class='ocrx_word' id='word_1_208' title='bbox 729 2311 917 2372; x_wconf 85' lang='lat' dir='ltr'><strong>monachicae</strong></span> <span class='ocrx_word' id='word_1_209' title='bbox 941 2331 1078 2369; x_wconf 90' lang='lat' dir='ltr'><strong>amorem.</strong></span> <span class='ocrx_word' id='word_1_210' title='bbox 1124 2308 1170 2369; x_wconf 89' lang='lat' dir='ltr'><strong>At</strong></span> <span class='ocrx_word' id='word_1_211' title='bbox 1192 2310 1259 2385; x_wconf 90' lang='lat' dir='ltr'><strong>quis</strong></span> <span class='ocrx_word' id='word_1_212' title='bbox 1283 2315 1336 2383; x_wconf 89' lang='lat' dir='ltr'><strong>est,</strong></span> <span class='ocrx_word' id='word_1_213' title='bbox 1362 2311 1413 2368; x_wconf 90' lang='lat' dir='ltr'><strong>cui</strong></span> 
     </span>
     <span class='ocr_line' id='line_1_25' title="bbox 283 2397 1412 2477; baseline 0 -19"><span class='ocrx_word' id='word_1_214' title='bbox 283 2397 413 2458; x_wconf 81' lang='lat' dir='ltr'><strong>Skenius</strong></span> <span class='ocrx_word' id='word_1_215' title='bbox 429 2397 616 2476; x_wconf 89' lang='lat' dir='ltr'><strong>persuadeat,</strong></span> <span class='ocrx_word' id='word_1_216' title='bbox 641 2403 675 2457; x_wconf 92' lang='lat' dir='ltr'><strong>ut</strong></span> <span class='ocrx_word' id='word_1_217' title='bbox 690 2399 799 2459; x_wconf 90' lang='lat' dir='ltr'><strong>fabulis</strong></span> <span class='ocrx_word' id='word_1_218' title='bbox 813 2400 1010 2477; x_wconf 87' lang='lat' dir='ltr'><strong>posteriorum</strong></span> <span class='ocrx_word' id='word_1_219' title='bbox 1026 2397 1114 2457; x_wconf 88' lang='lat' dir='ltr'><strong>fidem</strong></span> <span class='ocrx_word' id='word_1_220' title='bbox 1131 2398 1299 2476; x_wconf 78' lang='lat' dir='ltr'><strong>adjungat?</strong></span> <span class='ocrx_word' id='word_1_221' title='bbox 1331 2399 1412 2461; x_wconf 88' lang='lat' dir='ltr'><strong>Num</strong></span> 
     </span>
     <span class='ocr_line' id='line_1_26' title="bbox 284 2486 1413 2565; baseline 0.002 -21"><span class='ocrx_word' id='word_1_222' title='bbox 284 2487 352 2544; x_wconf 89' lang='lat' dir='ltr'><strong>fieri</strong></span> <span class='ocrx_word' id='word_1_223' title='bbox 374 2486 482 2564; x_wconf 83' lang='lat' dir='ltr'><strong>potuit⁷</strong></span> <span class='ocrx_word' id='word_1_224' title='bbox 505 2493 540 2546; x_wconf 91' lang='lat' dir='ltr'><strong>ut</strong></span> <span class='ocrx_word' id='word_1_225' title='bbox 561 2488 740 2565; x_wconf 86' lang='lat' dir='ltr'><strong>posteriores</strong></span> <span class='ocrx_word' id='word_1_226' title='bbox 756 2488 793 2546; x_wconf 89' lang='lat' dir='ltr'><strong>de</strong></span> <span class='ocrx_word' id='word_1_227' title='bbox 808 2487 916 2548; x_wconf 83' lang='lat' dir='ltr'><strong>Niniue</strong></span> <span class='ocrx_word' id='word_1_228' title='bbox 932 2488 1058 2547; x_wconf 89' lang='lat' dir='ltr'><strong>historia</strong></span> <span class='ocrx_word' id='word_1_229' title='bbox 1074 2488 1179 2546; x_wconf 89' lang='lat' dir='ltr'><strong>melius</strong></span> <span class='ocrx_word' id='word_1_230' title='bbox 1195 2488 1307 2548; x_wconf 87' lang='lat' dir='ltr'><strong>seirent</strong></span> <span class='ocrx_word' id='word_1_231' title='bbox 1322 2508 1413 2564; x_wconf 87' lang='lat' dir='ltr'><strong>quam</strong></span> 
     </span>
     <span class='ocr_line' id='line_1_27' title="bbox 286 2574 1414 2655; baseline 0.004 -23"><span class='ocrx_word' id='word_1_232' title='bbox 286 2574 379 2647; x_wconf 90' lang='lat' dir='ltr'><strong>Beda,</strong></span> <span class='ocrx_word' id='word_1_233' title='bbox 404 2575 454 2649; x_wconf 89' lang='lat' dir='ltr'><strong>qui</strong></span> <span class='ocrx_word' id='word_1_234' title='bbox 477 2595 514 2633; x_wconf 91' lang='lat' dir='ltr'><strong>ne</strong></span> <span class='ocrx_word' id='word_1_235' title='bbox 538 2581 666 2637; x_wconf 89' lang='lat' dir='ltr'><strong>aetatem</strong></span> <span class='ocrx_word' id='word_1_236' title='bbox 689 2577 809 2652; x_wconf 89' lang='lat' dir='ltr'><strong>quidem</strong></span> <span class='ocrx_word' id='word_1_237' title='bbox 833 2579 897 2652; x_wconf 87' lang='lat' dir='ltr'><strong>ejus</strong></span> <span class='ocrx_word' id='word_1_238' title='bbox 920 2578 1005 2636; x_wconf 89' lang='lat' dir='ltr'><strong>novit</strong></span> <span class='ocrx_word' id='word_1_239' title='bbox 1028 2583 1059 2635; x_wconf 90' lang='lat' dir='ltr'><strong>et</strong></span> <span class='ocrx_word' id='word_1_240' title='bbox 1075 2577 1182 2650; x_wconf 88' lang='lat' dir='ltr'><strong>omnia,</strong></span> <span class='ocrx_word' id='word_1_241' title='bbox 1207 2596 1283 2655; x_wconf 85' lang='lat' dir='ltr'><strong>quas</strong></span> <span class='ocrx_word' id='word_1_242' title='bbox 1298 2583 1414 2649; x_wconf 84' lang='lat' dir='ltr'><strong>narrat,</strong></span> 
     </span>
     <span class='ocr_line' id='line_1_28' title="bbox 287 2659 1415 2745; baseline 0.004 -24"><span class='ocrx_word' id='word_1_243' title='bbox 287 2684 347 2722; x_wconf 91' lang='lat' dir='ltr'><strong>non</strong></span> <span class='ocrx_word' id='word_1_244' title='bbox 370 2663 489 2722; x_wconf 87' lang='lat' dir='ltr'><strong>rettulit</strong></span> <span class='ocrx_word' id='word_1_245' title='bbox 511 2664 569 2723; x_wconf 93' lang='lat' dir='ltr'><strong>nisi</strong></span> <span class='ocrx_word' id='word_1_246' title='bbox 591 2665 693 2724; x_wconf 87' lang='lat' dir='ltr'><strong>addito</strong></span> <span class='ocrx_word' id='word_1_247' title='bbox 715 2666 768 2724; x_wconf 91' lang='lat' dir='ltr'><strong>illo</strong></span> <span class='ocrx_word' id='word_1_248' title='bbox 795 2674 844 2739; x_wconf 82' lang='lat' dir='ltr'><strong>„ut</strong></span> <span class='ocrx_word' id='word_1_249' title='bbox 861 2659 1053 2745; x_wconf 62' lang='lat' dir='ltr'><strong>perbibeuffl?</strong></span> <span class='ocrx_word' id='word_1_250' title='bbox 1090 2667 1196 2726; x_wconf 88' lang='lat' dir='ltr'><strong>Nonne</strong></span> <span class='ocrx_word' id='word_1_251' title='bbox 1217 2667 1297 2724; x_wconf 89' lang='lat' dir='ltr'><strong>inter</strong></span> <span class='ocrx_word' id='word_1_252' title='bbox 1312 2686 1415 2725; x_wconf 89' lang='lat' dir='ltr'><strong>omnes</strong></span> 
     </span>
     <span class='ocr_line' id='line_1_29' title="bbox 282 2753 1415 2832; baseline 0.002 -20"><span class='ocrx_word' id='word_1_253' title='bbox 282 2758 405 2813; x_wconf 81' lang='lat' dir='ltr'><strong>constat</strong></span> <span class='ocrx_word' id='word_1_254' title='bbox 429 2753 689 2813; x_wconf 82' lang='lat' dir='ltr'><strong>exercitatissimos</strong></span> <span class='ocrx_word' id='word_1_255' title='bbox 712 2755 802 2813; x_wconf 81' lang='lat' dir='ltr'><strong>fuisse</strong></span> <span class='ocrx_word' id='word_1_256' title='bbox 825 2754 997 2831; x_wconf 83' lang='lat' dir='ltr'><strong>posterioris</strong></span> <span class='ocrx_word' id='word_1_257' title='bbox 1021 2755 1163 2832; x_wconf 87' lang='lat' dir='ltr'><strong>temporis</strong></span> <span class='ocrx_word' id='word_1_258' title='bbox 1179 2753 1284 2815; x_wconf 83' lang='lat' dir='ltr'><strong>Scotos</strong></span> <span class='ocrx_word' id='word_1_259' title='bbox 1307 2756 1338 2814; x_wconf 93' lang='lat' dir='ltr'><strong>in</strong></span> <span class='ocrx_word' id='word_1_260' title='bbox 1358 2754 1415 2814; x_wconf 90' lang='lat' dir='ltr'><strong>fiu-</strong></span> 
     </span>
     <span class='ocr_line' id='line_1_30' title="bbox 288 2840 781 2918; baseline 0.004 -19"><span class='ocrx_word' id='word_1_261' title='bbox 288 2843 393 2918; x_wconf 75' lang='lat' dir='ltr'><strong>gendis</strong></span> <span class='ocrx_word' id='word_1_262' title='bbox 417 2840 594 2901; x_wconf 84' lang='lat' dir='ltr'><strong>Sanctorum</strong></span> <span class='ocrx_word' id='word_1_263' title='bbox 617 2843 711 2901; x_wconf 83' lang='lat' dir='ltr'><strong>vitis?</strong></span> <span class='ocrx_word' id='word_1_264' title='bbox 778 2849 781 2855; x_wconf 84' lang='lat'>&#39;</span> 
     </span>
    </p>

    <p class='ocr_par' dir='ltr' id='par_1_4' title="bbox 230 2930 1416 3274">
     <span class='ocr_line' id='line_1_31' title="bbox 376 2930 1415 3009; baseline 0.004 -21"><span class='ocrx_word' id='word_1_265' title='bbox 376 2930 458 3006; x_wconf 84' lang='lat' dir='ltr'><strong>Ergo</strong></span> <span class='ocrx_word' id='word_1_266' title='bbox 486 2931 559 2989; x_wconf 90' lang='lat' dir='ltr'><strong>haec</strong></span> <span class='ocrx_word' id='word_1_267' title='bbox 585 2952 705 3009; x_wconf 91' lang='lat' dir='ltr'><strong>prorsus</strong></span> <span class='ocrx_word' id='word_1_268' title='bbox 729 2932 895 3007; x_wconf 85' lang='lat' dir='ltr'><strong>abjicienda</strong></span> <span class='ocrx_word' id='word_1_269' title='bbox 918 2937 996 2991; x_wconf 86' lang='lat' dir='ltr'><strong>sunt.</strong></span> <span class='ocrx_word' id='word_1_270' title='bbox 1042 2932 1146 3008; x_wconf 89' lang='lat' dir='ltr'><strong>Neque</strong></span> <span class='ocrx_word' id='word_1_271' title='bbox 1171 2932 1278 3004; x_wconf 88' lang='lat' dir='ltr'><strong>minus,</strong></span> <span class='ocrx_word' id='word_1_272' title='bbox 1310 2953 1415 3008; x_wconf 85' lang='lat' dir='ltr'><strong>quam·</strong></span> 
     </span>
     <span class='ocr_line' id='line_1_32' title="bbox 288 3020 1416 3097; baseline 0.003 -20"><span class='ocrx_word' id='word_1_273' title='bbox 288 3040 377 3096; x_wconf 91' lang='lat' dir='ltr'><strong>quam</strong></span> <span class='ocrx_word' id='word_1_274' title='bbox 401 3020 572 3078; x_wconf 88' lang='lat' dir='ltr'><strong>auctoribus</strong></span> <span class='ocrx_word' id='word_1_275' title='bbox 595 3022 696 3097; x_wconf 79' lang='lat' dir='ltr'><strong>paullo</strong></span> <span class='ocrx_word' id='word_1_276' title='bbox 719 3021 890 3080; x_wconf 90' lang='lat' dir='ltr'><strong>melioribus</strong></span> <span class='ocrx_word' id='word_1_277' title='bbox 913 3020 1060 3093; x_wconf 85' lang='lat' dir='ltr'><strong>nituntur,</strong></span> <span class='ocrx_word' id='word_1_278' title='bbox 1083 3022 1143 3093; x_wconf 88' lang='lat' dir='ltr'><strong>illa,</strong></span> <span class='ocrx_word' id='word_1_279' title='bbox 1168 3041 1243 3097; x_wconf 88' lang='lat' dir='ltr'><strong>quae</strong></span> <span class='ocrx_word' id='word_1_280' title='bbox 1265 3021 1301 3080; x_wconf 92' lang='lat' dir='ltr'><strong>de</strong></span> <span class='ocrx_word' id='word_1_281' title='bbox 1317 3021 1416 3080; x_wconf 81' lang='lat' dir='ltr'><strong>attera</strong></span> 
     </span>
     <span class='ocr_line' id='line_1_33' title="bbox 230 3105 1415 3186; baseline 0.003 -21"><span class='ocrx_word' id='word_1_282' title='bbox 230 3125 232 3129; x_wconf 87' lang='lat'>·</span> <span class='ocrx_word' id='word_1_283' title='bbox 287 3108 337 3166; x_wconf 89' lang='lat' dir='ltr'><strong>via</strong></span> <span class='ocrx_word' id='word_1_284' title='bbox 365 3105 492 3166; x_wconf 86' lang='lat' dir='ltr'><strong>Skenius</strong></span> <span class='ocrx_word' id='word_1_285' title='bbox 521 3107 657 3184; x_wconf 88' lang='lat' dir='ltr'><strong>protulit.</strong></span> <span class='ocrx_word' id='word_1_286' title='bbox 703 3107 863 3186; x_wconf 68' lang='lat' dir='ltr'><strong>catalogus</strong></span> <span class='ocrx_word' id='word_1_287' title='bbox 892 3109 970 3167; x_wconf 91' lang='lat' dir='ltr'><strong>enim</strong></span> <span class='ocrx_word' id='word_1_288' title='bbox 998 3108 1175 3169; x_wconf 81' lang='lat' dir='ltr'><strong>Sanctorum</strong></span> <span class='ocrx_word' id='word_1_289' title='bbox 1205 3131 1224 3168; x_wconf 89' lang='lat' dir='ltr'><strong>a</strong></span> <span class='ocrx_word' id='word_1_290' title='bbox 1246 3109 1337 3170; x_wconf 77' lang='lat' dir='ltr'><strong>Gilda</strong></span> <span class='ocrx_word' id='word_1_291' title='bbox 1364 3109 1415 3186; x_wconf 90' lang='lat' dir='ltr'><strong>(de</strong></span> 
     </span>
     <span class='ocr_line' id='line_1_34' title="bbox 285 3194 1416 3274; baseline 0.004 -22"><span class='ocrx_word' id='word_1_292' title='bbox 285 3215 347 3272; x_wconf 88' lang='lat' dir='ltr'><strong>quo</strong></span> <span class='ocrx_word' id='word_1_293' title='bbox 371 3194 430 3255; x_wconf 88' lang='lat' dir='ltr'><strong>vid.</strong></span> <span class='ocrx_word' id='word_1_294' title='bbox 454 3215 544 3273; x_wconf 89' lang='lat' dir='ltr'><strong>supra</strong></span> <span class='ocrx_word' id='word_1_295' title='bbox 564 3218 592 3274; x_wconf 90' lang='lat' dir='ltr'><strong>p.</strong></span> <span class='ocrx_word' id='word_1_296' title='bbox 612 3198 665 3273; x_wconf 83' lang='lat'><strong>13)</strong></span> <span class='ocrx_word' id='word_1_297' title='bbox 682 3202 712 3257; x_wconf 84' lang='lat' dir='ltr'><strong>et</strong></span> <span class='ocrx_word' id='word_1_298' title='bbox 727 3198 853 3271; x_wconf 86' lang='lat' dir='ltr'><strong>Davide,</strong></span> <span class='ocrx_word' id='word_1_299' title='bbox 875 3197 1067 3270; x_wconf 83' lang='lat' dir='ltr'><strong>Meneviensi,</strong></span> <span class='ocrx_word' id='word_1_300' title='bbox 1092 3205 1122 3257; x_wconf 90' lang='lat' dir='ltr'><strong>et</strong></span> <span class='ocrx_word' id='word_1_301' title='bbox 1138 3199 1416 3259; x_wconf 80' lang='lat' dir='ltr'><strong>DecoBritonibus</strong></span> 
     </span>
    </p>
   </div>
   <div class='ocr_carea' id='block_1_4' title="bbox 173 3284 1415 3369">
    <p class='ocr_par' dir='ltr' id='par_1_5' title="bbox 173 3284 1415 3369">
     <span class='ocr_line' id='line_1_35' title="bbox 173 3284 1415 3369; baseline 0.004 -28"><span class='ocrx_word' id='word_1_302' title='bbox 173 3337 175 3341; x_wconf 13' lang='grc' dir='ltr'><em>Α</em></span> <span class='ocrx_word' id='word_1_303' title='bbox 290 3284 411 3344; x_wconf 87' lang='lat' dir='ltr'><strong>secundi</strong></span> <span class='ocrx_word' id='word_1_304' title='bbox 439 3285 551 3344; x_wconf 89' lang='lat' dir='ltr'><strong>ordinis</strong></span> <span class='ocrx_word' id='word_1_305' title='bbox 579 3292 697 3347; x_wconf 90' lang='lat' dir='ltr'><strong>sanctos</strong></span> <span class='ocrx_word' id='word_1_306' title='bbox 718 3285 840 3346; x_wconf 64' lang='lat' dir='ltr'><strong>achsam</strong></span> <span class='ocrx_word' id='word_1_307' title='bbox 863 3284 1005 3369; x_wconf 79' lang='lat' dir='ltr'><strong>occepisse</strong></span> <span class='ocrx_word' id='word_1_308' title='bbox 1027 3288 1119 3346; x_wconf 83' lang='lat' dir='ltr'><strong>refert</strong></span> <span class='ocrx_word' id='word_1_309' title='bbox 1142 3287 1195 3363; x_wconf 86' lang='lat' dir='ltr'><strong>(H.</strong></span> <span class='ocrx_word' id='word_1_310' title='bbox 1219 3288 1277 3346; x_wconf 90' lang='lat' dir='ltr'><strong>and</strong></span> <span class='ocrx_word' id='word_1_311' title='bbox 1301 3286 1345 3346; x_wconf 85' lang='lat' dir='ltr'><strong>St.</strong></span> <span class='ocrx_word' id='word_1_312' title='bbox 1370 3286 1415 3361; x_wconf 91' lang='lat' dir='ltr'><strong>II,</strong></span> 
     </span>
    </p>
   </div>
   <div class='ocr_carea' id='block_1_5' title="bbox 284 3374 1420 4343">
    <p class='ocr_par' dir='ltr' id='par_1_6' title="bbox 284 3374 1420 4343">
     <span class='ocr_line' id='line_1_36' title="bbox 287 3374 1417 3451; baseline 0.003 -20"><span class='ocrx_word' id='word_1_313' title='bbox 287 3374 319 3446; x_wconf 57' lang='grc' dir='ltr'><strong>θ,</strong></span> <span class='ocrx_word' id='word_1_314' title='bbox 344 3395 373 3451; x_wconf 92' lang='lat' dir='ltr'><strong>p.</strong></span> <span class='ocrx_word' id='word_1_315' title='bbox 391 3374 477 3450; x_wconf 81' lang='lat'><strong>293).</strong></span> <span class='ocrx_word' id='word_1_316' title='bbox 514 3375 622 3451; x_wconf 90' lang='lat' dir='ltr'><strong>Itaque</strong></span> <span class='ocrx_word' id='word_1_317' title='bbox 648 3375 694 3434; x_wconf 90' lang='lat' dir='ltr'><strong>his</strong></span> <span class='ocrx_word' id='word_1_318' title='bbox 716 3375 893 3436; x_wconf 89' lang='lat' dir='ltr'><strong>Britonibus</strong></span> <span class='ocrx_word' id='word_1_319' title='bbox 916 3396 982 3435; x_wconf 91' lang='lat' dir='ltr'><strong>cum</strong></span> <span class='ocrx_word' id='word_1_320' title='bbox 997 3375 1146 3435; x_wconf 89' lang='lat' dir='ltr'><strong>Hibernia</strong></span> <span class='ocrx_word' id='word_1_321' title='bbox 1166 3375 1417 3440; x_wconf 85' lang='lat' dir='ltr'><strong>necessitudinem</strong></span> 
     </span>
     <span class='ocr_line' id='line_1_37' title="bbox 289 3462 1416 3541; baseline 0.004 -22"><span class='ocrx_word' id='word_1_322' title='bbox 289 3462 380 3521; x_wconf 84' lang='lat' dir='ltr'><strong>fuisse</strong></span> <span class='ocrx_word' id='word_1_323' title='bbox 407 3463 533 3522; x_wconf 86' lang='lat' dir='ltr'><strong>forsitan</strong></span> <span class='ocrx_word' id='word_1_324' title='bbox 562 3463 643 3521; x_wconf 90' lang='lat' dir='ltr'><strong>credi</strong></span> <span class='ocrx_word' id='word_1_325' title='bbox 665 3464 768 3541; x_wconf 88' lang='lat' dir='ltr'><strong>possit.</strong></span> <span class='ocrx_word' id='word_1_326' title='bbox 815 3464 875 3524; x_wconf 82' lang='lat' dir='ltr'><strong>Sed</strong></span> <span class='ocrx_word' id='word_1_327' title='bbox 899 3464 971 3541; x_wconf 89' lang='lat' dir='ltr'><strong>quid</strong></span> <span class='ocrx_word' id='word_1_328' title='bbox 993 3463 1142 3525; x_wconf 82' lang='lat' dir='ltr'><strong>Skenius?</strong></span> <span class='ocrx_word' id='word_1_329' title='bbox 1187 3464 1322 3523; x_wconf 89' lang='lat' dir='ltr'><strong>Primum</strong></span> <span class='ocrx_word' id='word_1_330' title='bbox 1346 3464 1416 3523; x_wconf 89' lang='lat' dir='ltr'><strong>Bri·</strong></span> 
     </span>
     <span class='ocr_line' id='line_1_38' title="bbox 288 3552 1418 3635; baseline 0.004 -27"><span class='ocrx_word' id='word_1_331' title='bbox 288 3557 393 3608; x_wconf 89' lang='lat' dir='ltr'><strong>tonum</strong></span> <span class='ocrx_word' id='word_1_332' title='bbox 422 3572 540 3628; x_wconf 89' lang='lat' dir='ltr'><strong>quoque</strong></span> <span class='ocrx_word' id='word_1_333' title='bbox 564 3552 730 3625; x_wconf 87' lang='lat' dir='ltr'><strong>ecclesiam,</strong></span> <span class='ocrx_word' id='word_1_334' title='bbox 762 3559 792 3612; x_wconf 91' lang='lat' dir='ltr'><strong>et</strong></span> <span class='ocrx_word' id='word_1_335' title='bbox 814 3552 1043 3613; x_wconf 86' lang='lat' dir='ltr'><strong>Armoricanam</strong></span> <span class='ocrx_word' id='word_1_336' title='bbox 1066 3558 1172 3630; x_wconf 85' lang='lat' dir='ltr'><strong>utpote</strong></span> <span class='ocrx_word' id='word_1_337' title='bbox 1195 3553 1418 3635; x_wconf 86' lang='lat' dir='ltr'><strong>archiepiscopo</strong></span> 
     </span>
     <span class='ocr_line' id='line_1_39' title="bbox 287 3637 1418 3718; baseline 0.004 -20"><span class='ocrx_word' id='word_1_338' title='bbox 287 3637 457 3698; x_wconf 82' lang='lat' dir='ltr'><strong>Turonensi</strong></span> <span class='ocrx_word' id='word_1_339' title='bbox 473 3640 631 3712; x_wconf 87' lang='lat' dir='ltr'><strong>subditam,</strong></span> <span class='ocrx_word' id='word_1_340' title='bbox 656 3647 686 3699; x_wconf 89' lang='lat' dir='ltr'><strong>et</strong></span> <span class='ocrx_word' id='word_1_341' title='bbox 700 3647 805 3718; x_wconf 90' lang='lat' dir='ltr'><strong>postea</strong></span> <span class='ocrx_word' id='word_1_342' title='bbox 821 3641 1031 3700; x_wconf 81' lang='lat' dir='ltr'><strong>Gambrensem</strong></span> <span class='ocrx_word' id='word_1_343' title='bbox 1048 3642 1159 3715; x_wconf 88' lang='lat' dir='ltr'><strong>eodem,</strong></span> <span class='ocrx_word' id='word_1_344' title='bbox 1184 3662 1242 3718; x_wconf 91' lang='lat' dir='ltr'><strong>quo</strong></span> <span class='ocrx_word' id='word_1_345' title='bbox 1259 3641 1418 3703; x_wconf 81' lang='lat' dir='ltr'><strong>Scotorum</strong></span> 
     </span>
     <span class='ocr_line' id='line_1_40' title="bbox 285 3728 1418 3808; baseline 0.002 -21"><span class='ocrx_word' id='word_1_346' title='bbox 285 3728 426 3801; x_wconf 84' lang='lat' dir='ltr'><strong>ecclesia,</strong></span> <span class='ocrx_word' id='word_1_347' title='bbox 457 3728 502 3786; x_wconf 90' lang='lat' dir='ltr'><strong>rei</strong></span> <span class='ocrx_word' id='word_1_348' title='bbox 531 3730 719 3788; x_wconf 89' lang='lat' dir='ltr'><strong>monachicae</strong></span> <span class='ocrx_word' id='word_1_349' title='bbox 749 3751 849 3789; x_wconf 88' lang='lat' dir='ltr'><strong>amore</strong></span> <span class='ocrx_word' id='word_1_350' title='bbox 876 3730 1022 3789; x_wconf 87' lang='lat' dir='ltr'><strong>imbutam</strong></span> <span class='ocrx_word' id='word_1_351' title='bbox 1049 3729 1140 3790; x_wconf 89' lang='lat' dir='ltr'><strong>fuisse</strong></span> <span class='ocrx_word' id='word_1_352' title='bbox 1163 3731 1276 3808; x_wconf 88' lang='lat' dir='ltr'><strong>posuit,</strong></span> <span class='ocrx_word' id='word_1_353' title='bbox 1309 3729 1418 3790; x_wconf 90' lang='lat' dir='ltr'><strong>deinde</strong></span> 
     </span>
     <span class='ocr_line' id='line_1_41' title="bbox 290 3816 1417 3893; baseline 0.004 -19"><span class='ocrx_word' id='word_1_354' title='bbox 290 3816 411 3875; x_wconf 83' lang='lat' dir='ltr'><strong>Gildam</strong></span> <span class='ocrx_word' id='word_1_355' title='bbox 434 3822 465 3877; x_wconf 91' lang='lat' dir='ltr'><strong>et</strong></span> <span class='ocrx_word' id='word_1_356' title='bbox 480 3817 574 3877; x_wconf 88' lang='lat' dir='ltr'><strong>socios</strong></span> <span class='ocrx_word' id='word_1_357' title='bbox 596 3818 761 3878; x_wconf 87' lang='lat' dir='ltr'><strong>duodecimi</strong></span> <span class='ocrx_word' id='word_1_358' title='bbox 777 3818 888 3878; x_wconf 89' lang='lat' dir='ltr'><strong>saeculi</strong></span> <span class='ocrx_word' id='word_1_359' title='bbox 903 3819 974 3878; x_wconf 88' lang='lat' dir='ltr'><strong>vitis</strong></span> <span class='ocrx_word' id='word_1_360' title='bbox 989 3840 1059 3879; x_wconf 89' lang='lat' dir='ltr'><strong>usus</strong></span> <span class='ocrx_word' id='word_1_361' title='bbox 1077 3827 1197 3879; x_wconf 88' lang='lat' dir='ltr'><strong>enarrat</strong></span> <span class='ocrx_word' id='word_1_362' title='bbox 1212 3820 1244 3878; x_wconf 91' lang='lat' dir='ltr'><strong>in</strong></span> <span class='ocrx_word' id='word_1_363' title='bbox 1262 3818 1417 3893; x_wconf 88' lang='lat' dir='ltr'><strong>Hibernia,</strong></span> 
     </span>
     <span class='ocr_line' id='line_1_42' title="bbox 290 3903 1419 3990; baseline 0.004 -26"><span class='ocrx_word' id='word_1_364' title='bbox 290 3908 373 3980; x_wconf 86' lang='lat' dir='ltr'><strong>eujus</strong></span> <span class='ocrx_word' id='word_1_365' title='bbox 407 3903 518 3966; x_wconf 79' lang='lat' dir='ltr'><strong>incolae</strong></span> <span class='ocrx_word' id='word_1_366' title='bbox 546 3926 643 3985; x_wconf 80' lang='lat' dir='ltr'><strong>poene</strong></span> <span class='ocrx_word' id='word_1_367' title='bbox 676 3905 846 3969; x_wconf 79' lang='lat' dir='ltr'><strong>ratleob&#39;eum</strong></span> <span class='ocrx_word' id='word_1_368' title='bbox 874 3905 972 3990; x_wconf 85' lang='lat' dir='ltr'><strong>fidem</strong></span> <span class='ocrx_word' id='word_1_369' title='bbox 1005 3905 1182 3988; x_wconf 50' lang='lat' dir='ltr'><strong>reliquissent</strong></span> <span class='ocrx_word' id='word_1_370' title='bbox 1212 3909 1278 3984; x_wconf 85' lang='lat' dir='ltr'><strong>(vit</strong></span> <span class='ocrx_word' id='word_1_371' title='bbox 1309 3907 1419 3968; x_wconf 76' lang='lat' dir='ltr'><strong>Gildae</strong></span> 
     </span>
     <span class='ocr_line' id='line_1_43' title="bbox 284 3993 1420 4072; baseline 0.007 -24"><span class='ocrx_word' id='word_1_372' title='bbox 284 3993 390 4053; x_wconf 64' lang='lat' dir='ltr'><strong>Sirene</strong></span> <span class='ocrx_word' id='word_1_373' title='bbox 412 3994 456 4066; x_wconf 90' lang='lat' dir='ltr'><strong>II,</strong></span> <span class='ocrx_word' id='word_1_374' title='bbox 484 4015 513 4072; x_wconf 90' lang='lat' dir='ltr'><strong>p.</strong></span> <span class='ocrx_word' id='word_1_375' title='bbox 539 3996 580 4054; x_wconf 81' lang='lat'><strong>50</strong></span> <span class='ocrx_word' id='word_1_376' title='bbox 604 4002 666 4055; x_wconf 88' lang='lat' dir='ltr'><strong>not.</strong></span> <span class='ocrx_word' id='word_1_377' title='bbox 685 3998 748 4072; x_wconf 88' lang='grc'>19),</span> <span class='ocrx_word' id='word_1_378' title='bbox 773 3996 1001 4057; x_wconf 87' lang='lat' dir='ltr'><strong>ecclesiasticum</strong></span> <span class='ocrx_word' id='word_1_379' title='bbox 1023 3997 1158 4057; x_wconf 88' lang='lat' dir='ltr'><strong>ordinem</strong></span> <span class='ocrx_word' id='word_1_380' title='bbox 1181 4002 1363 4057; x_wconf 88' lang='lat' dir='ltr'><strong>restaurasse</strong></span> <span class='ocrx_word' id='word_1_381' title='bbox 1387 4004 1420 4056; x_wconf 82' lang='lat' dir='ltr'><strong>et</strong></span> 
     </span>
     <span class='ocr_line' id='line_1_44' title="bbox 290 4082 1417 4161; baseline 0.005 -21"><span class='ocrx_word' id='word_1_382' title='bbox 290 4083 322 4141; x_wconf 88' lang='lat' dir='ltr'><strong>in</strong></span> <span class='ocrx_word' id='word_1_383' title='bbox 338 4082 550 4161; x_wconf 90' lang='lat' dir='ltr'><strong>discipulorum</strong></span> <span class='ocrx_word' id='word_1_384' title='bbox 562 4105 683 4144; x_wconf 90' lang='lat' dir='ltr'><strong>numero</strong></span> <span class='ocrx_word' id='word_1_385' title='bbox 695 4084 835 4144; x_wconf 89' lang='lat' dir='ltr'><strong>habuisse</strong></span> <span class='ocrx_word' id='word_1_386' title='bbox 847 4085 1014 4159; x_wconf 83' lang='lat' dir='ltr'><strong>Finianum,</strong></span> <span class='ocrx_word' id='word_1_387' title='bbox 1032 4085 1271 4160; x_wconf 83' lang='lat' dir='ltr'><strong>Olonardensem,</strong></span> <span class='ocrx_word' id='word_1_388' title='bbox 1288 4087 1417 4146; x_wconf 90' lang='lat' dir='ltr'><strong>alterum</strong></span> 
     </span>
     <span class='ocr_line' id='line_1_45' title="bbox 289 4170 1419 4254; baseline 0.004 -24"><span class='ocrx_word' id='word_1_389' title='bbox 289 4170 453 4231; x_wconf 84' lang='lat' dir='ltr'><strong>Columbae</strong></span> <span class='ocrx_word' id='word_1_390' title='bbox 470 4174 645 4250; x_wconf 84' lang='lat' dir='ltr'><strong>magistrum</strong></span> <span class='ocrx_word' id='word_1_391' title='bbox 662 4181 692 4233; x_wconf 89' lang='lat' dir='ltr'><strong>et</strong></span> <span class='ocrx_word' id='word_1_392' title='bbox 707 4179 783 4233; x_wconf 86' lang='lat' dir='ltr'><strong>teste</strong></span> <span class='ocrx_word' id='word_1_393' title='bbox 800 4174 862 4234; x_wconf 90' lang='lat' dir='ltr'><strong>vita</strong></span> <span class='ocrx_word' id='word_1_394' title='bbox 878 4177 950 4250; x_wconf 88' lang='lat' dir='ltr'><strong>ejus,</strong></span> <span class='ocrx_word' id='word_1_395' title='bbox 976 4175 1080 4235; x_wconf 88' lang='lat' dir='ltr'><strong>ceteris</strong></span> <span class='ocrx_word' id='word_1_396' title='bbox 1096 4195 1155 4235; x_wconf 89' lang='lat' dir='ltr'><strong>non</strong></span> <span class='ocrx_word' id='word_1_397' title='bbox 1170 4175 1279 4253; x_wconf 87' lang='lat' dir='ltr'><strong>priore,</strong></span> <span class='ocrx_word' id='word_1_398' title='bbox 1299 4180 1419 4254; x_wconf 83' lang='lat' dir='ltr'><strong>patrem</strong></span> 
     </span>
     <span class='ocr_line' id='line_1_46' title="bbox 285 4261 1420 4343; baseline 0.004 -24"><span class='ocrx_word' id='word_1_399' title='bbox 285 4261 420 4319; x_wconf 86' lang='lat' dir='ltr'><strong>omnium</strong></span> <span class='ocrx_word' id='word_1_400' title='bbox 444 4283 538 4340; x_wconf 88' lang='lat' dir='ltr'><strong>paene</strong></span> <span class='ocrx_word' id='word_1_401' title='bbox 558 4262 592 4320; x_wconf 91' lang='lat' dir='ltr'><strong>in</strong></span> <span class='ocrx_word' id='word_1_402' title='bbox 616 4263 765 4321; x_wconf 89' lang='lat' dir='ltr'><strong>Hibernia</strong></span> <span class='ocrx_word' id='word_1_403' title='bbox 788 4264 1034 4326; x_wconf 87' lang='lat' dir='ltr'><strong>monasteriorum</strong></span> <span class='ocrx_word' id='word_1_404' title='bbox 1051 4262 1163 4341; x_wconf 81' lang='lat' dir='ltr'><strong>(Shene</strong></span> <span class='ocrx_word' id='word_1_405' title='bbox 1178 4263 1223 4338; x_wconf 88' lang='lat' dir='ltr'><strong>II,</strong></span> <span class='ocrx_word' id='word_1_406' title='bbox 1246 4286 1275 4343; x_wconf 92' lang='lat' dir='ltr'><strong>p.</strong></span> <span class='ocrx_word' id='word_1_407' title='bbox 1293 4265 1334 4322; x_wconf 82' lang='lat'><strong>49</strong></span> <span class='ocrx_word' id='word_1_408' title='bbox 1351 4267 1420 4342; x_wconf 89' lang='lat' dir='ltr'><strong>sq.).</strong></span> 
     </span>
    </p>
   </div>
   <div class='ocr_carea' id='block_1_6' title="bbox 0 0 1534 4920">
    <p class='ocr_par' dir='ltr' id='par_1_7' title="bbox 0 0 1534 4920">
     <span class='ocr_line' id='line_1_47' title="bbox 0 0 1534 4920; baseline 0 0"><span class='ocrx_word' id='word_1_409' title='bbox 0 0 1534 4920; x_wconf 95' lang='lat' dir='ltr'><strong> </strong></span> 
     </span>
    </p>
   </div>
  </div>
 </body>
</html>
