3024 4920
645 193 862 248 ...79-

195 368 295 429 Testis
326 377 371 430 est
401 370 494 429 Beda.
545 370 605 445 Qui
635 389 702 427 cum
731 376 854 446 putaret
881 370 986 431 melius
1016 391 1080 431 esse
1110 379 1173 431 tarn
1203 391 1318 434 enormte

188 457 310 536 pondus
333 456 515 518 eoohsr'uatr‘oi
535 455 682 539 reqirnirus
713 456 807 518 diunt
834 456 865 517 in
888 457 994 538 plures
1025 460 1193 539 episcopos,
1228 482 1318 538 quarn

195 553 267 605 tunc
290 555 384 622 erant,
412 545 636 630 „prospinutun
661 547 760 623 inquit
784 548 882 626 (epist.
906 549 944 606 ad
966 547 1109 626 Ecgbert.
1134 551 1151 626 ξ
1180 551 1230 624 10,
1253 550 1318 610 Ste-

194 655 266 695 vens
290 636 333 708 II,
357 659 387 714 p.
405 638 482 712 316)
507 633 585 696 lours
609 632 714 716 aliqum
737 635 994 709 monasteriorum,
1024 636 1076 699 noi
1103 638 1184 700 aedes
1211 638 1318 720 qouoo-

191 720 272 804 puh's
285 723 353 808 flat.
392 721 435 785 Et
456 744 492 785 ne
507 723 590 806 forte
612 721 703 784 abbas
726 721 771 783 uel
793 722 1016 793 monachiliter
1039 726 1151 789 decreto
1175 727 1320 793 contraire

93 861 96 870 .
196 830 231 870 ac
246 811 375 874 resistere
390 811 567 885 tentaverint,
592 813 677 874 detur
692 810 750 872 elleh
776 809 900 886 lieentia,
924 823 955 874 ut
978 813 1015 874 de
1037 814 1097 875 uus
1119 815 1192 895 ipsis
1215 814 1320 898 ehqunt

195 919 276 973 eurn,
306 901 358 981 qui
379 900 530 982 episcopus
552 902 716 972 ordinetur,
741 910 767 962 et
789 898 988 982 adjacentium
1010 900 1155 976 moun,
1183 914 1320 988 quotquot

195 988 237 1049 cet
260 990 382 1051 eundem
404 989 558 1052 dioecesim
576 990 736 1073 pertinuit,
760 1010 822 1050 unc
844 1012 911 1051 crrrn
933 990 998 1074 ipso
1021 993 1196 1054 nrorwsteno
1218 1015 1322 1063 curant

192 1087 277 1158 qerut
300 1078 502 1160 ephemerina,
527 1088 578 1139 aut
599 1079 627 1140 ae'
639 1078 722 1161 forte
744 1078 775 1147 in
796 1079 861 1161 apso
884 1080 1074 1154 monasterio,
1098 1081 1150 1164 qut
1170 1081 1322 1163 episcopus

197 1165 332 1228 ordinari
350 1167 459 1240 debeat,
481 1167 605 1228 inueniri
624 1176 759 1250 nequeat,
782 1167 813 1228 in
835 1168 969 1248 r'qroorurn
991 1178 1088 1231 tornen
1103 1167 1193 1252 juata
1215 1181 1323 1232 aenum

108 1270 110 1274 ·
196 1274 340 1316 cononum
357 1257 487 1337 pendeat
508 1256 650 1329 enuntine,
674 1257 726 1340 qui
744 1255 780 1318 do
794 1279 850 1319 aun
865 1257 987 1318 dioecesi
1005 1258 1155 1322 ordinetur
1175 1259 1317 1322 anuum

200 1379 238 1389 —
265 1345 452 1408 Gravissima
483 1354 553 1407 sunt
582 1348 655 1406 haec
682 1349 781 1408 verba.
826 1349 904 1409 Nam
933 1354 964 1407 et·
995 1349 1200 1410 demonstrant
1232 1350 1321 1410 etiam

197 1433 298 1494 Bedae
315 1437 499 1514 temporibus
514 1436 545 1494 in
561 1437 822 1514 Nordanhymbria
837 1437 1016 1498 monasteria
1030 1439 1197 1504 ¹animarum
1213 1460 1322 1513 curam,

198 1527 392 1602 pastoralem,
423 1532 457 1586 ut
479 1527 523 1586 ita
547 1525 655 1599 dicam,
686 1547 746 1591 non
774 1526 983 1604 episcopalem,
1016 1527 1141 1603 gessisse
1166 1535 1195 1588 et
1219 1528 1322 1588 confir-

198 1619 282 1671 mant
308 1614 357 1674 vel
385 1616 543 1676 maximam
574 1616 820 1675 monasteriorum
850 1616 1058 1677 auctoritatem
1089 1616 1233 1683 Romanis
1263 1627 1324 1676 non

198 1700 393 1779 displicuisse.

288 1793 498 1869 Displiouisset
521 1812 606 1865 vero,
641 1792 758 1852 sitalis
788 1792 894 1852 fuisset
923 1794 1002 1870 apud
1033 1792 1139 1854 Scotos
1169 1795 1234 1854 vita
1263 1815 1323 1853 mo·

199 1879 335 1953 naohica,
368 1882 486 1958 qualem
510 1881 600 1940 fuisse
622 1881 778 1941 Ebrardus
801 1883 943 1955 affirmat,
975 1883 1140 1942 sitantum
1170 1883 1324 1956 abfuisset,

199 1972 234 2024 ut
257 1970 395 2027 monachi
417 1970 449 2027 in
472 1971 660 2031 monasteriis
684 1971 885 2029 monachicam
908 1976 1032 2046 agerent
1055 1971 1161 2043 vitam,
1195 1977 1230 2030 ut
1259 1992 1325 2030 cum

200 2057 343 2117 uxoribus
367 2058 510 2130 viventes,
533 2058 592 2116 nisi
614 2060 691 2121 forte
714 2059 841 2119 caelibes
865 2079 928 2118 esse
951 2060 1129 2132 maluerunt,
1152 2060 1208 2119 soli
1231 2060 1259 2119 ei
1281 2059 1325 2119 rei

203 2162 323 2221 operam
348 2147 466 2219 darent,
490 2154 525 2206 ut
547 2148 689 2224 populum
712 2148 866 2220 docerent,
899 2148 1086 2223 evangelium
1108 2149 1325 2226 praedicarent,

201 2233 236 2305 si,
258 2240 293 2292 ut
308 2236 412 2314 paucis
428 2235 532 2309 dicam,
556 2236 735 2296 monasteria
757 2236 885 2295 fuissent
908 2235 1027 2294 minime
1052 2238 1193 2297 coenobia
1216 2258 1326 2312 eorum,
1368 2289 1370 2293 .

203 2323 254 2398 qui
288 2344 304 2381 e
340 2325 449 2391 mundo
485 2324 671 2402 effugissent,
715 2325 767 2385 sed
806 2324 930 2402 collegia
965 2326 1001 2384 de
1040 2326 1235 2404 propaganda
1268 2326 1327 2385 fide

203 2408 540 2486 („Misst'onastute'onen“
563 2414 684 2473 Ebrard
706 2436 736 2491 p.
756 2414 840 2490 169).

293 2501 441 2561 Cohaeret
462 2502 536 2561 haec
558 2503 690 2562 Ehrardi
712 2503 813 2580 opinio
837 2523 902 2562 cum
927 2524 963 2561 ea
984 2503 1146 2576 sententia,
1178 2524 1267 2580 quam
1290 2503 1327 2562 de

203 2590 360 2651 Scotorum
382 2591 532 2668 theologia
555 2591 633 2650 tulit.
663 2592 752 2651 Hanc
775 2591 870 2668 ipsam
892 2592 1060 2650 examinare
1084 2599 1114 2651 et
1136 2594 1258 2670 longum
1282 2598 1327 2652 est

204 2687 235 2740 et
258 2700 516 2758 supervacaneum.
563 2679 622 2738 Sed
646 2682 744 2740 facere
768 2701 828 2739 non
850 2701 982 2757 possum,
1007 2681 1079 2758 quin
1104 2701 1328 2742 commemorem

203 2771 291 2829 valde
315 2790 361 2828 me
385 2789 447 2828 esse
470 2769 623 2842 miratum,
654 2769 735 2845 quod
762 2769 841 2828 idem
868 2769 1037 2842 Ehrardus,
1069 2769 1121 2844 qui
1151 2770 1329 2828 acerrimum

204 2879 298 2936 purae
323 2858 469 2934 euangelii
484 2858 639 2918 doctrinae
655 2859 839 2918 defensorem
861 2878 893 2916 se
916 2859 1055 2935 praebuit
1078 2858 1109 2915 in
1133 2858 1329 2916 examinanda

204 2947 323 3019 Beckii,
347 2947 485 3023 magistri
509 2946 658 3023 quondam
681 2947 753 3019 moi,
776 2946 913 3005 doctrina
936 2945 972 3004 de
992 2946 1207 3021 justificatione
1230 2945 1328 3021 (Solet

205 3035 500 3097 Wissensohaftliohe
529 3035 738 3112 Beleuchtung
768 3055 827 3095 von
856 3035 911 3094 Dr.
932 3035 964 3094 J.
988 3033 1023 3093 Τ.
1046 3034 1143 3095 Beoks
1173 3035 1329 3094 Rechtfcr·

205 3123 418 3202 tigungslehre.
449 3121 488 3182 In
510 3123 642 3183 Briefen.
669 3125 777 3201 1871),
848 3169 856 3185 .
873 3124 954 3200 quod
977 3123 1064 3197 idem,
1088 3124 1218 3200 inquam.
1243 3125 1329 3201 longe

205 3214 264 3272 alia
287 3232 426 3271 mensura
448 3233 518 3272 usus
541 3213 721 3289 theologiam
745 3211 902 3272 Scotorum
926 3213 1125 3289 evangelicam
1154 3214 1215 3272 fere
1238 3213 1330 3273 fuisse

207 3302 331 3362 censuit.
370 3301 501 3360 Tantum
525 3301 605 3360 enim
628 3303 720 3374 abest,
744 3307 779 3360 ut
801 3301 833 3359 in
849 3301 1006 3360 Scotorum
1030 3301 1066 3360 de
1088 3301 1146 3360 fide
1169 3301 1331 3362 christiana

205 3392 342 3451 doctrina
363 3391 532 3468 reperiatur
547 3390 670 3466 aliquid,
694 3390 774 3466 quod
796 3389 925 3448 alienum
949 3389 1100 3449 doctrinae
1124 3389 1217 3448 totius
1241 3389 1332 3451 medii

206 3481 273 3539 aevi
296 3480 366 3539 solis
388 3481 617 3539 reformatorum
641 3488 810 3539 nostrorum
833 3479 990 3538 sententiis
1014 3478 1110 3536 simile
1133 3478 1173 3538 sit
1189 3480 1238 3555 (cf.
1254 3499 1331 3554 quae

207 3568 389 3627 deuotione
410 3569 564 3629 doctrinae
588 3569 775 3646 evangelicae
791 3567 932 3628 disseruit
946 3567 1137 3640 Ritschelius,
1154 3566 1331 3627 Geschichte

208 3655 259 3714 des
290 3655 451 3717 Pictismus
474 3657 499 3718 Ι.
527 3654 620 3717 1880.
650 3681 680 3736 p.
702 3659 833 3734 7—22),
867 3663 902 3715 ut
933 3657 984 3734 qui
1014 3657 1221 3733 cognoverint,
1255 3675 1331 3732 quae

208 3765 313 3803 revera
335 3745 428 3804 fuerit
450 3748 530 3825 apud
554 3747 659 3807 Scotos
682 3746 820 3806 credendi
844 3745 936 3818 ratic,
960 3765 1111 3821 nunqnam
1135 3745 1193 3803 sibi
1216 3745 1333 3822 possint

208 3833 388 3911 persuadere
417 3834 507 3895 fuisse
538 3835 617 3912 apud
648 3835 752 3896 Scotos
783 3834 971 3897 monachicae
994 3834 1074 3894 vitae
1102 3854 1209 3911 genus,
1245 3834 1332 3908 quale
1378 3838 1382 3846 '
1465 3826 1469 3835 ¹

208 3942 306 3999 neque
329 3941 461 3998 unquam
484 3942 579 3999 neque
602 3944 726 4000 usquam
750 3923 824 3983 alibi
846 3923 905 3982 fuit
920 3923 970 3998 (cf.
984 3923 1071 3982 Plitt.
1087 3922 1236 3999 Erlanger
1250 3921 1332 3981 Zeit-

208 4011 315 4070 schrift
337 4013 387 4070 fiir
408 4011 675 4072 Protestantismus
698 4013 760 4073 und
782 4013 905 4071 Kirohe.
932 4012 1025 4070 1861
1048 4032 1077 4088 p.
1094 4011 1181 4087 283).
1219 4009 1333 4087 Neque,

208 4121 246 4159 ne
262 4099 431 4177 legentibus
446 4100 610 4160 molestiam
627 4101 757 4175 afferam,
780 4101 812 4159 in
835 4100 933 4159 animo
957 4100 1030 4161 mihi
1053 4106 1107 4172 est,
1130 4120 1185 4178 per
1200 4098 1333 4177 singulos

208 4209 313 4250 versus
344 4189 491 4262 refutare,
527 4209 603 4266 quae
627 4192 662 4250 do
685 4190 750 4251 vita
772 4190 982 4249 monachorum
1012 4188 1167 4249 Ebrardus
1196 4189 1333 4268 protulit,
