3024 4920
708 196 949 253 -116-

268 376 350 447 dass,
383 394 472 452 supra
499 376 562 449 jam
585 373 722 432 diximus.
767 373 805 431 In
835 374 891 431 hoc
921 371 1064 432 simillimi
1095 378 1192 445 erant,
1223 371 1275 431 sed
1308 372 1393 431 varia

268 464 384 524 ratione
419 469 544 539 uterque
577 462 765 540 disciplinam
800 463 955 521 emendare
991 461 1107 520 studuit
1140 462 1190 537 (cf.
1224 461 1391 538 Harttung,

269 575 299 632 p.
329 555 369 610 27
400 557 461 611 not.
491 553 533 628 2).
578 552 656 611 Nam
688 551 832 611 Columba
863 559 895 610 et
925 549 996 610 socii
1027 552 1104 625 ejus,
1140 550 1252 629 quippe
1284 550 1392 626 quibus

270 663 371 702 amara
393 640 484 703 fuerit
506 641 579 700 haec
593 640 658 700 vita
674 642 722 717 (cf.
739 660 828 718 supra
843 661 871 718 p.
891 640 952 698 105
974 647 1005 698 et
1023 639 1109 715 113),
1125 639 1264 699 ecclesiae
1281 644 1391 699 statum

270 730 417 808 corrigere
452 736 483 789 et
518 729 673 789 emendam
708 730 884 802 studebant,
917 749 982 788 cum
1014 728 1053 787 ad
1083 728 1313 787 contemnendas
1344 748 1393 787 res

270 821 413 879 humanas
435 818 569 879 homines
592 819 775 890 invitabant,
799 819 958 878 monachos
981 818 1188 890 tonsurabant,
1211 817 1390 877 monasteria

271 909 491 980 construebant,
514 928 583 981 non,
606 916 641 967 ut
664 909 806 986 populum
822 908 852 966 in
869 908 905 968 iia
921 907 1082 979 erudirent,
1105 905 1159 966 sed
1172 913 1208 966 ut
1223 905 1390 984 perfugium

270 999 449 1078 praeberent
480 997 533 1070 iis,
569 998 621 1075 qui
655 1017 692 1056 ex
722 997 875 1074 pestilenti
907 997 995 1072 hujus
1028 995 1134 1055 mundi
1157 1001 1224 1054 aere
1255 994 1392 1054 secedere

271 1088 440 1165 cupiebant.
473 1085 643 1146 Bonifatius
667 1094 767 1144 autem
790 1107 856 1145 cum
878 1085 1038 1144 monachus
1061 1090 1126 1143 erat
1149 1091 1213 1144 tum
1236 1083 1393 1163 opiscopus

270 1183 303 1236 et
317 1175 564 1254 archiepiscopus.
595 1175 699 1252 anue
723 1175 760 1233 de
783 1195 871 1241 causa
894 1176 1009 1234 duabus
1032 1175 1185 1246 rebus-et
1208 1171 1393 1233 instituenda

270 1265 334 1325 vita
357 1263 529 1324 monachica
552 1285 586 1323 ac
610 1265 729 1341 quidem
756 1265 918 1324 secundum
945 1263 1078 1340 regulam
1101 1261 1157 1322 Sti.
1180 1261 1338 1321 Benedicti
1361 1267 1393 1320 et

270 1353 451 1413 hierarchico
476 1359 558 1416 statu
581 1354 655 1412 bene
679 1354 881 1431 componendo
905 1352 1060 1412 ecclesiam
1073 1352 1220 1429 corrigere
1242 1357 1273 1410 et
1296 1371 1392 1409 emen·

271 1443 342 1502 dare
366 1443 493 1514 studuit;
517 1448 547 1500 et
569 1442 633 1520 ipse
656 1442 835 1501 monasteria
851 1441 1042 1513 constituens,
1065 1439 1223 1500 seminaria
1246 1439 1393 1499 educandi

270 1531 387 1610 populi,
419 1532 470 1590 sed
499 1531 577 1590 idem
609 1531 763 1610 episcopos
794 1551 967 1592 consecrans
991 1536 1023 1589 et
1044 1530 1077 1588 in
1099 1529 1256 1608 parochias
1280 1528 1393 1606 episco-

270 1621 353 1698 pales
367 1621 518 1697 'populum
542 1620 732 1680 distribuens.
778 1619 887 1698 Itaque
918 1640 984 1678 cum
1012 1624 1043 1678 et
1072 1617 1223 1678 monachis
1251 1625 1281 1677 et
1308 1617 1394 1676 laicis

272 1729 374 1768 curam
398 1709 563 1782 adhiberet,
587 1730 647 1768 non
671 1710 764 1768 solum
780 1710 860 1769 vitae
883 1707 1080 1780 monachicae,
1104 1708 1155 1767 aad
1178 1707 1319 1766 ecclesiae
1344 1727 1394 1765 ex·

272 1799 351 1860 stitit
375 1804 532 1859 corrector.

362 1886 495 1960 Quarum
518 1887 667 1946 rationum
691 1892 759 1946 utra
782 1887 887 1945 melior
909 1886 1015 1958 fuerit,
1039 1885 1136 1945 exitus
1160 1885 1269 1944 docuit.
1315 1885 1395 1944 Nam

272 1976 356 2036 brevi
379 1983 512 2052 tempore
536 1977 647 2036 factum
670 1983 729 2049 est,
760 1981 794 2034 ut
817 1975 911 2048 Secti,
937 1975 989 2052 qui
1012 1974 1174 2035 Columbae
1197 1973 1326 2051 vestigia
1349 1994 1393 2032 se·

273 2071 398 2142 quentes
427 2065 459 2123 ιιι
489 2065 690 2124 continentem
719 2064 893 2136 veniebant,
923 2065 1020 2124 bonae
1050 2063 1190 2123 ecclesiae
1221 2062 1395 2142 disciplinae

273 2175 332 2213 non
355 2155 487 2230 paullum
510 2153 636 2231 periculi
659 2153 793 2226 afferent,
816 2152 905 2230 idque
929 2173 965 2212 ea
987 2153 1052 2230 ipsa
1075 2153 1113 2211 de
1136 2171 1234 2224 causa,
1257 2151 1336 2228 quod
1359 2160 1392 2210 ut

271 2242 422 2320 peregrini
445 2241 507 2301 sive
531 2242 562 2300 in
585 2243 711 2302 desertis
733 2243 870 2302 sedentes
892 2242 955 2302 sive
970 2248 1082 2301 terram
1104 2246 1298 2318 peragrantes
1319 2239 1392 2316 legi·

272 2331 355 2391 timis
379 2330 604 2390 necessitudinis
627 2331 753 2391 vinculis
784 2351 850 2389 curn
881 2330 1003 2390 ecclesia
1033 2329 1184 2406 conjuncti
1210 2349 1271 2388 non
1298 2334 1393 2400 erant,

274 2420 471 2480 nihilominus
488 2426 588 2479 autem
611 2419 776 2479 ministeria
804 2418 964 2480 ecclesiast
942 2426 1002 2480 tica
1029 2438 1241 2496 nonnunquam
1268 2417 1394 2476 admini-

271 2510 419 2568 strabant.

364 2597 453 2656 Multi
483 2597 562 2655 enim
592 2599 702 2656 saeculi
725 2598 808 2656 VIII
831 2604 862 2657 et
883 2597 934 2656 IX
964 2597 1188 2699 temporibus
1179 2619 1211 2656 ιιι
1234 2596 1344 2657 Gallie
1365 2603 1399 2658 et

272 2685 436 2745 Germania
459 2691 619 2745 occurrunt
635 2685 717 2746 Scoti
733 2686 967 2787 peregrinantes,
987 2687 1040 2762 qui
1055 2686 1261 2764 episcoporum
1276 2686 1398 2744 nomine

271 2775 510 2854 appellabantur.
542 2775 684 2850 Quorum,
708 2775 842 2852 quamvis
865 2775 954 2834 liceat
975 2781 1081 2852 putare
1105 2776 1262 2835 nonnullos
1283 2776 1396 2852 episco·

273 2866 371 2942 palem
395 2863 572 2940 dignitatem
595 2871 715 2942 promer
734 2867 784 2940 jus
798 2884 965 2942 usurpasse,
989 2869 1090 2923 tamen
1113 2867 1256 2940 majorem
1278 2871 1398 2941 partem

264 2960 306 3012 're
337 2974 409 3012 vera
438 2953 592 3031 episcopos
622 2953 713 3013 fuisse
744 2953 889 3012 existimo.
941 2954 1018 3015 Nam
1041 2973 1143 3031 supra
1173 2956 1230 3031 (p.
1249 2954 1304 3030 64)
1333 2958 1399 3030 jam

274 3042 403 3100 vidimus
426 3061 647 3117 nonnumquam
669 3043 750 3119 apud
770 3041 874 3101 Scotos
896 3042 1107 3143 peregrinandi
1129 3062 1218 3101 causa
1241 3043 1398 3120 episcopos

272 3151 293 3187 a
316 3130 444 3205 negotiis
467 3130 683 3231 episcopalibus
706 3151 769 3189 sese
792 3131 961 3190 removisse.

366 3218 425 3292 Qui
448 3218 579 3296 episcopi
610 3219 636 3278 si
657 3219 689 3276 in
714 3218 813 3278 Gellia
844 3220 1061 3298 episcopalibus
1093 3220 1212 3280 sedibus
1227 3178 1397 3297 praesules

275 3307 349 3367 facti
372 3314 478 3381 essent,
501 3308 717 3370 ecclesiasticae
740 3307 913 3387 disciplinae
936 3309 979 3366 nil
1002 3309 1102 3368 damni
1117 3309 1296 3368 attulissent.
1335 3307 1395 3368 Sed

274 3396 433 3474 quominus
456 3398 511 3456 hoc
533 3397 618 3456 fieret
605 3402 632 3470 t,
656 3419 691 3456 ea
718 3397 783 3476 ipsa
810 3418 857 3456 res
879 3397 1047 3477 impedivit,
1078 3399 1158 3475 quod
1186 3395 1397 3477 peregrinandi

277 3505 373 3557 causa,
389 3491 423 3543 ut
438 3486 611 3544 recederent
626 3507 642 3545 e
657 3486 775 3559 mundo,
791 3487 919 3564 patriam
931 3486 1128 3564 reliquerant,
1145 3507 1241 3564 neque
1253 3486 1398 3564 exemplis

274 3573 373 3632 adhuc
396 3576 620 3655 comprobatum
644 3582 690 3633 est
717 3595 848 3650 unquam
875 3576 950 3633 illud
974 3595 1035 3634 csse
1058 3577 1178 3634 sactum.
1209 3576 1286 3636 Nam
1301 3575 1397 3634 Hart-

277 3663 399 3738 tungius
422 3683 488 3720 cum
511 3664 619 3722 multos
646 3663 678 3721 in
701 3662 802 3723 Gallia
823 3664 1007 3742 parochiales
1034 3665 1188 3744 episcopos
1215 3664 1252 3723 de
1274 3663 1398 3724 natione

275 3749 435 3810 Scotorum
457 3752 549 3810 fuisse
572 3752 701 3811 affirmat
724 3754 764 3830 (p.
787 3753 828 3811 32
853 3756 927 3830 not.)
951 3753 1009 3812 alio
1033 3760 1155 3813 auctore
1179 3754 1236 3813 nisi
1258 3752 1398 3812 Ebrardo

277 3861 337 3898 non
367 3840 476 3911 utitur,
508 3841 560 3899 scd
587 3842 637 3899 ille
669 3862 703 3900 eo
733 3843 810 3915 loco,
843 3843 880 3901 ad
911 3862 997 3917 quem
1021 3842 1222 3920 Harttungius
1252 3849 1400 3920 provocat

275 3931 333 4003 (=
358 3928 469 3987 Irosch.
492 3929 745 4004 Missionskirche,
777 3953 806 4008 p.
833 3931 894 3989 175
925 3935 980 4007 sq.)
1011 3930 1138 3991 Ouldeos
1169 3932 1233 3992 vult
1262 3931 1400 4009 intellegi

275 4037 341 4088 eos,
375 4017 426 4093 qui
456 4018 519 4078 sive
543 4017 624 4077 Galli
654 4019 716 4078 sive
747 4017 830 4078 Sooti
865 4026 950 4078 erant
980 4019 1158 4100 Culdeorum
1194 4019 1333 4079 ecclesiae
1366 4021 1399 4078 in

278 4106 421 4165 societate
449 4114 535 4166 erant
559 4108 607 4183 (cf.
631 4107 764 4181 Ilbrard,
793 4130 821 4186 p.
849 4109 903 4178 18,
925 4114 986 4169 not.
1013 4109 1052 4166 18
1077 4115 1158 4187 etp.
1184 4109 1270 4185 285),
1301 4126 1399 4187 neque

279 4195 342 4270 ipse
366 4214 477 4267 omnes,
510 4217 584 4274 quos
614 4197 761 4270 nominat,
793 4197 913 4255 natione
938 4196 1041 4256 Gallos
1068 4197 1157 4258 fuisse
1189 4197 1299 4279 infitias
1329 4197 1400 4257 iret.

173 4298 175 4301 ’
276 4283 499 4349 Mummolenus
517 4305 642 4362 quoque,
659 4286 864 4347 Noviomensis
887 4285 922 4363 (†
940 4287 1024 4363 664),
1049 4306 1135 4364 quem
1151 4281 1261 4368 emptae
1276 4282 1402 4346 Scotum
