3024 4920
638 213 860 270 ..82-

194 391 304 469 duplici
327 406 405 450 ann'o
430 390 493 448 640
517 392 555 449 ab
577 389 657 462 Ina,
687 388 811 466 Pippini
846 388 934 466 primi
968 390 1106 466 conjuge,
1137 393 1308 447 constructo

192 487 312 540 anctore
335 479 488 552 rimando,
523 489 609 556 quem
632 477 786 558 Ebrardus
808 483 914 555 utpote
942 476 1140 551 „Ouldeorum
1167 477 1309 536 inimicis·

194 569 317 630 simum“
333 567 551 647 despiciendum
571 566 671 644 potius
695 586 784 643 quam
806 566 964 625 amandum
987 585 1050 625 esse
1073 566 1195 638 censuit,
1219 564 1310 624 simili

195 659 282 718 modo
312 676 402 735 penes
431 655 596 715 abbatissas
625 655 715 714 fuisse
744 655 863 714 videtur
889 675 1002 714 summa
1025 655 1187 714 auctoritas
1209 653 1309 729 (Rett-

194 749 276 824 berg,
299 744 600 822 Kirehengesohichte
621 743 840 803 Deutschlands
862 744 887 815 I,
910 765 939 822 p.
964 743 1027 820 56).

192 855 195 860 ¹
231 852 238 858 ·
281 835 385 912 Neque
408 833 506 907 iniis,
530 853 605 910 quae
627 838 781 912 praeterea
804 833 840 891 de
861 827 1140 910 ¹Nordauhymbriae
1162 838 1310 892 monaste·

192 924 245 984 riis
269 929 340 983 noea
362 929 439 995 sunt,
464 921 622 998 quicquam
645 921 713 980 miri
736 921 875 980 cernitur.
920 922 965 992 Ne
988 922 1063 981 illud
1085 922 1205 998 quidem
1227 922 1309 980 affir-

193 1013 269 1073 mari
284 1018 384 1090 potest
399 1010 530 1087 (Ebrard
545 1031 573 1087 p.
592 1010 676 1086 193),
697 1010 776 1087 quod
792 1030 885 1070 annus
901 1011 1086 1088 probationis
1101 1012 1147 1072 vel
1163 1011 1312 1072 brevioris

194 1102 345 1178 cujusdam
368 1099 498 1158 tirocinii
520 1106 646 1177 tempus,
669 1101 752 1174 cujus
775 1100 954 1159 mentionem
976 1121 1066 1177 supra
1084 1099 1138 1158 ubi
1152 1100 1188 1158 de
1204 1100 1310 1159 Hiien·

194 1191 275 1252 sibus
298 1191 443 1266 agebatur
466 1190 507 1266 (p.
531 1188 589 1266 69)
612 1187 854 1261 desideravimus,
888 1188 1219 1265 inNordanhymbriae
1248 1209 1310 1248 mo-

194 1278 331 1339 meteriis
360 1277 449 1336 moris
479 1296 538 1334 uon
565 1276 672 1349 fuerit,
705 1296 774 1335 nam
796 1276 911 1336 Bedam
937 1277 1069 1337 invenies
1092 1277 1132 1353 (h.
1156 1299 1180 1336 e.
1204 1277 1233 1349 4,
1257 1279 1309 1352 23,

112 1432 113 1435 ¹
195 1368 308 1446 §330)
331 1368 501 1443 loquentem
531 1364 567 1422 de
597 1363 731 1425 eatremis
759 1364 928 1425 monasterii
950 1366 1113 1445 [Haeonos]
1142 1362 1225 1436 loeis,
1258 1364 1314 1426 nn·

196 1474 289 1536 nuper
304 1454 441 1514 venientes
457 1453 498 1512 ud
513 1452 755 1514 corroeraationern
768 1451 901 1534 feminae
920 1451 1046 1514 condant
1062 1451 1197 1535 probari,
1219 1453 1310 1515 donec

194 1540 365 1624 reputentur
386 1540 529 1602 institutae
550 1541 581 1601 in
603 1540 763 1602 rodonem
785 1541 1012 1623 conpreputionis
1033 1541 1252 1622 nnciperentur.

283 1632 411 1710 Propria
433 1639 531 1690 autem
554 1631 601 1690 his
624 1630 779 1691 Scotorum
802 1633 988 1692 monasteriis
1017 1633 1097 1691 haud
1126 1633 1213 1691 dubie
1244 1639 1310 1693 erat

195 1722 307 1799 regula,
330 1721 489 1780 secundum
513 1739 602 1796 quam
625 1720 688 1779 vita
709 1720 881 1780 monachica
902 1721 1041 1782 instituta
1064 1726 1136 1795 erat,
1158 1742 1226 1780 nam
1250 1741 1310 1782 non

196 1829 270 1889 opus
302 1815 347 1869 est
377 1828 605 1868 commemorare
635 1807 683 1868 Sti
712 1806 868 1869 Benedicti
897 1812 1045 1888 regulam,
1081 1810 1190 1888 quippe
1221 1830 1312 1888 quam

195 1900 308 1977 primus
339 1897 496 1956 Wilfridus
525 1898 557 1954 in
587 1897 774 1956 Britanniam
804 1899 950 1958 invexerit
979 1899 1045 1975 (vit.
1068 1898 1180 1957 Wilfr..
1195 1898 1315 1972 XLIV,

195 1989 274 2048 Mab.
296 1987 352 2060 IV,
371 1990 399 2060 1,
425 2008 454 2064 p.
480 1986 565 2062 705),
598 1992 670 2046 tunc
700 1987 844 2063 temporis
873 1987 905 2046 in
934 1987 1093 2047 Britannia
1122 1993 1225 2047 notam
1253 2009 1315 2047 non

196 2077 294 2136 fuisse.
340 2074 399 2134 Sed
429 2076 465 2134 de
494 2076 548 2134 hac
576 2094 608 2134 re
640 2075 720 2154 apud
748 2075 863 2136 Bedam
893 2077 937 2134 nil
968 2083 1067 2136 exstat
1096 2081 1126 2136 et
1156 2097 1232 2152 quae
1258 2096 1315 2136 nos

196 2166 322 2223 doceant
337 2164 498 2223 Columbae
520 2164 716 2224 Luxoviensis
738 2165 924 2239 monasteria,
946 2166 1025 2225 infra
1047 2164 1220 2225 videbimus.
1248 2163 1312 2223 Ita-

198 2273 255 2329 que
278 2253 317 2310 ad
339 2258 501 2311 extremum
524 2253 673 2312 mentione
695 2254 775 2313 facta
797 2253 877 2314 vitae
905 2255 1094 2313 eremitarum
1123 2254 1155 2313 in
1177 2253 1313 2315 Norden·

196 2341 332 2419 hymbria
355 2360 472 2418 qnoque
494 2340 633 2400 inventae
656 2341 756 2419 (Beda
777 2342 830 2401 vit.
854 2341 947 2402 Cudb.
974 2344 1023 2416 17,
1055 2343 1072 2419 ξ
1097 2343 1149 2415 29,
1180 2341 1314 2402 Stevens.

197 2429 240 2503 H,
263 2451 293 2508 p.
316 2431 368 2502 83,
391 2431 426 2488 cf.
453 2430 502 2502 18,
526 2430 543 2506 ξ
568 2431 607 2488 31
633 2450 684 2506 sq,
707 2450 737 2507 p.
753 2430 808 2508 85)
833 2431 869 2489 de
891 2432 955 2491 vita
978 2431 1149 2490 monachica
1171 2432 1315 2491 hocloco

197 2519 269 2579 satis
293 2519 331 2578 sit
353 2518 544 2597 disputatum.

286 2606 328 2665 Et
344 2607 416 2665 satis
431 2626 525 2684 paene
540 2607 577 2666 de
599 2614 664 2668 tota
687 2608 818 2682 ecclesia,
842 2629 906 2668 cum
929 2614 996 2668 tota
1011 2607 1167 2668 Scotorum
1190 2609 1316 2669 ecclesia

198 2695 371 2755 monasterii
393 2695 520 2773 speciem
544 2698 695 2774 praebeat.
735 2698 912 2774 Quanquam
935 2698 1013 2757 enim
1037 2717 1140 2757 censeo
1164 2697 1195 2756 in
1217 2697 1314 2760 Nord-

198 2785 427 2862 anhymbrorum
450 2785 572 2844 ecclesia
594 2786 685 2844 fuisse
708 2786 836 2858 clericos,
861 2786 913 2862 qui
936 2787 1072 2845 monaehi
1094 2806 1154 2844 non
1170 2791 1256 2845 erant
1272 2821 1313 2832 -

197 2875 390 2953 paucissimos
409 2874 476 2932 illos
492 2874 610 2950 quidem
622 2910 666 2919 -—
683 2882 784 2934 tamen
800 2880 913 2933 certum
935 2876 1023 2950 hujus
1045 2875 1090 2933 rei
1111 2874 1315 2934 testimonium

197 2964 329 3042 proferre
353 2983 411 3021 non
433 2983 560 3040 possum.
606 2964 779 3023 Provocabo
802 2969 902 3023 tamen
925 2965 964 3023 ad
986 2964 1087 3023 Bedae
1117 2964 1192 3023 illud
1222 2982 1314 3036 „nam

197 3048 333 3110 monachi
354 3060 436 3109 erant
458 3050 620 3122 manime,
655 3051 706 3132 qni
733 3052 775 3112 ad
797 3051 1036 3132 punctuation
1062 3060 1197 3112 venerant
1220 3052 1261 3129 (h.
1290 3073 1316 3112 e.

200 3139 229 3210 3,
247 3141 275 3212 3,
300 3141 317 3215 ἓ
337 3139 411 3216 157)
435 3144 465 3197 et
487 3139 526 3197 ad
548 3160 673 3199 canones
695 3141 888 3214 Hibernicos,
919 3142 970 3218 qui
997 3142 1076 3201 inter
1102 3141 1260 3201 monachos
1283 3147 1315 3201 et

198 3228 318 3287 clericos
333 3227 489 3286 discrimen
503 3248 654 3305 nunquam
669 3249 729 3288 non
744 3230 866 3303 faciunt,
886 3263 922 3275 -
940 3230 992 3290 sed
1015 3229 1156 3289 confiteor
1177 3230 1314 3289 relictum

198 3337 261 3377 esse
283 3317 479 3376 dubitationis
508 3318 612 3376 locum.
658 3318 704 3378 Eo
727 3319 821 3396 magis
843 3319 914 3379 licet
936 3324 1034 3379 tacere
1057 3319 1094 3378 de
1117 3318 1315 3378 matrimoniis

198 3407 379 3478 clericorum,
403 3426 528 3483 quorum
551 3408 663 3465 nullum
686 3407 787 3468 inveni
806 3408 974 3485 vestigium.
1005 3407 1105 3467 Unum
1126 3408 1221 3467 solum
1244 3406 1312 3466 affe·

198 3515 262 3553 ram
285 3502 500 3572 argumentum,
523 3496 603 3572 quod
625 3497 806 3557 demonstret
829 3497 908 3574 apud
924 3495 1027 3557 Scotos
1051 3495 1164 3556 clericis
1190 3531 1228 3540 —
1253 3515 1314 3554 non

199 3583 305 3642 addam
328 3584 511 3661 superiorum
534 3584 688 3661 graduum,
711 3606 779 3644 nam
802 3585 845 3644 nil
864 3586 968 3658 habeo,
992 3586 1071 3662 quod
1086 3586 1142 3644 hoc
1157 3584 1315 3645 discrimen

197 3672 304 3731 faciam
334 3706 378 3716 -
408 3692 467 3731 non
496 3673 613 3733 licuisse
642 3674 743 3733 vivere
773 3674 804 3731 in
833 3674 1039 3732 matrimoniis.
1084 3675 1122 3733 In
1152 3672 1315 3734 canonibus

200 3761 277 3820 enim
300 3761 473 3820 Hibernicis
496 3762 547 3821 lib.
570 3762 620 3820 XI
644 3784 668 3821 c.
693 3764 772 3839 2sq.
796 3762 907 3840 scripta
934 3769 1004 3822 sunt
1026 3763 1099 3822 haec
1121 3763 1224 3823 verba:
1248 3757 1313 3821 An-

197 3848 327 3930 qustinnr
355 3847 409 3907 nit:
443 3848 493 3931 qui
522 3849 575 3910 aab
599 3851 698 3932 produ
728 3848 828 3910 cecidit
853 3859 925 3929 post
954 3849 1143 3933 penitentium
1170 3858 1317 3911 emuntur

187 3937 248 4021 stat
271 3936 432 4018 baptizare,
462 3939 692 4001 communionem
721 3939 792 4000 dore
818 3937 941 4023 infirmis
963 3948 989 3998 et
1010 3936 1118 4000 citano
1140 3938 1315 4000 ministrare.

199 4023 337 4106 Synodne
360 4023 558 4086 Hibernienn‘s
580 4027 716 4100 decrevi,
747 4037 779 4087 ut
805 4026 835 4086 in
858 4027 1120 4110 perepnnationern
1147 4026 1267 4089 inierint
1289 4035 1316 4086 et

198 4113 240 4175 ibi
260 4114 424 4176 ministrare
451 4114 503 4175 aab
529 4137 619 4176 niano
646 4115 765 4176 abbatia
810 4112 981 4176 Hnnmnina
1004 4125 1099 4178 autern
1121 4114 1316 4177 Hibernenaes

197 4201 421 4286 interpretantur
450 4225 539 4264 eausa
564 4204 720 4287 paucitatis
750 4204 946 4277 inundatum,
979 4214 1011 4265 nt
1035 4215 1104 4286 post
1124 4203 1316 4287 penitentiam

197 4301 395 4353 corneormtnr
412 4312 468 4376 per
491 4313 595 4352 manns
617 4292 824 4374 inpositionem,
847 4293 925 4354 etin
947 4291 1058 4355 silentio
1080 4293 1240 4355 ministrent
1261 4291 1318 4353 aab
