3024 4920
589 190 803 249 ..25-

142 377 197 435 hoo
220 374 319 434 odium
343 395 400 433 non
423 393 498 431 unus
522 371 605 430 Beda
628 377 836 430 commemorat
859 370 899 446 (h.
916 390 939 428 e.
958 371 986 443 2,
1003 370 1044 427 20
1070 369 1087 446 ξ
1107 369 1182 446 147)
1205 368 1257 429 sed

142 466 336 543 comprobant
358 464 489 542 ipsorum
505 462 671 534 Britonum‚
694 481 769 537 quae
793 465 911 520 exstant
934 460 1042 519 saeculi
1058 454 1113 520 VIi
1137 463 1167 518 et
1182 455 1256 519 VIIi

141 555 271 614 carmina
296 554 343 629 (ef.
359 552 566 630 Lappenberg,
591 549 768 611 Gesohichte
790 570 848 610 von
865 549 1002 626 England
1025 571 1053 626 p.
1069 547 1257 626 XXXVII).

231 644 312 718 Quae
336 662 401 700 cum
424 643 467 700 ita
491 641 565 715 sint,
597 644 660 717 jam
688 645 813 718 apparet
841 638 1073 699 controversiam
1101 660 1135 699 ea
1162 644 1257 715 parte,

143 738 287 810 quatenus
311 752 346 790 ex
369 751 483 789 morum
506 730 680 791 diversitate
708 734 774 788 orta
802 735 881 801 erat,
913 749 1034 806 gravem
1064 749 1123 787 non
1152 729 1257 798 fnisse;

142 830 241 882 tamen
265 821 430 879 accuratius
454 821 538 880 nobis
565 819 810 897 perscrutandum
838 823 894 892 est,
925 817 1045 894 quinam
1075 818 1186 877 fuerint
1213 816 1258 875 illi

140 912 230 989 prisci
243 959 246 964 .
260 931 363 969 mores.
419 910 502 969 Duos
532 908 735 986 Augustinum
766 907 849 967 Beda
879 907 951 966 facit
981 912 1257 966 commemorantem

141 1001 181 1076 lh.
205 1021 229 1058 e.
254 1001 282 1073 2,
307 1001 326 1057 2
351 999 368 1076 ξ
395 1000 457 1076 93),
491 999 668 1078 peculiarem
692 997 763 1058 festi
785 997 931 1076 paschalis
955 995 1204 1077 computationem
1228 1001 1258 1055 et

141 1089 314 1168 baptizandi
336 1109 453 1148 morem.
486 1123 489 1129 ·

230 1179 276 1238 De
293 1178 513 1256 computatione
529 1178 597 1237 festi
613 1177 759 1255 paschalis
783 1197 873 1255 supra
892 1178 955 1253 jam
979 1175 1051 1235 satis
1074 1175 1257 1253 disputatum

142 1273 193 1327 est.
240 1268 420 1345 Baptizandi
450 1275 548 1326 autem
579 1267 629 1344 qui
659 1266 749 1326 fuerit
784 1286 846 1325 mos
876 1265 1052 1339 Britonnm,
1086 1285 1141 1344 pro
1177 1269 1258 1323 certo

141 1357 284 1417 affirmari
307 1377 365 1415 non
388 1363 486 1434 potest
510 1357 557 1432 (ef.
574 1355 683 1433 Bright
706 1378 734 1435 p.
752 1356 816 1432 80).
864 1354 1004 1414 Testibus
1027 1355 1099 1414 viris
1122 1353 1257 1413 doctissi-

141 1447 196 1506 mis
211 1447 251 1504 H.
276 1446 334 1505 and
350 1445 394 1505 st.
418 1446 455 1522 (I,
479 1468 508 1525 p.
527 1445 588 1504 153
606 1449 661 1524 sq.)
686 1465 809 1523 quorum
833 1443 1009 1504 sententiam
1032 1443 1185 1503 verbosius
1209 1463 1257 1502 ex·

58 1602 59 1606 .
140 1536 276 1614 planavit
299 1535 473 1595 Warrenius
496 1537 536 1613 (p.
562 1537 706 1612 64-67)
735 1534 863 1594 omnium
894 1538 1128 1610 conjecturarum
1156 1531 1257 1592 verisi-

141 1625 262 1684 millima
286 1629 342 1698 est,
367 1625 446 1701 quod
469 1625 547 1703 apud
571 1624 711 1683 Britones
734 1624 862 1682 infantes
884 1622 1057 1701 baptizandi
1080 1623 1169 1682 semel
1192 1627 1257 1680 tan·

141 1721 203 1773 tum
226 1715 257 1773 in
280 1734 386 1791 aquam
409 1715 620 1790 mergebantur
642 1735 700 1773 non
716 1720 771 1786 ter,
794 1713 871 1773 siout
885 1733 948 1772 mos
969 1718 1034 1772 erat
1048 1712 1257 1771 Romanorum.

140 1805 208 1862 Hac
231 1823 302 1881 ergo
326 1807 495 1878 conjectura
517 1803 743 1879 acquiescamus.

232 1889 343 1964 Cetera,
365 1911 438 1973 quoe
453 1891 592 1953 Britones
608 1901 733 1974 sperent,
756 1890 888 1972 quantun
908 1889 1036 1950 monitans
1052 1887 1259 1950 Rooeooomm

140 1978 300 2054 contrario,
335 1980 542 2062 aequanimiter
572 1990 674 2041 cnrwto
705 2001 733 2041 so
763 1977 953 2040 tolerationem
982 1998 1040 2040 esse
1070 1978 1258 2056 Augustinus

140 2078 216 2131 teste
239 2070 323 2128 Beda
346 2071 386 2146 (h.
411 2092 434 2128 e.
459 2072 523 2144 2,2
548 2072 566 2148 ξ
591 2071 645 2148 93)
668 2070 812 2148 promisit.
858 2069 986 2128 Leviora
1010 2090 1079 2146 ergo
1102 2068 1175 2146 ipsis
1198 2069 1257 2127 Ro·

141 2160 235 2220 manis
258 2159 444 2219 videbantur.
492 2158 551 2218 Sed
581 2180 769 2235 quaeramus,
804 2179 880 2235 quae
910 2159 1029 2218 fuerint.
1073 2159 1258 2217 Peculiarem

141 2259 278 2311 tonsurae
301 2250 424 2308 formam
447 2250 479 2307 in
503 2249 548 2308 his
571 2249 674 2322 fnisse,
710 2269 879 2327 quanquam
907 2248 991 2306 Beda
1018 2248 1054 2306 de
1083 2248 1258 2307 Britonibus

141 2361 231 2418 agens
254 2339 290 2397 de
314 2359 348 2397 ea
371 2339 549 2399 mentionem
576 2359 635 2398 non
662 2338 745 2410 fecit,
780 2339 973 2415 comprobant
1004 2358 1069 2396 oum
1100 2359 1147 2411 ea,
1183 2357 1258 2414 quae

142 2449 231 2506 supra
254 2428 291 2486 de
311 2425 426 2487 Galliae
450 2435 480 2488 et
503 2429 667 2506 Hispaniae
690 2427 865 2488 Britonibus
888 2426 1073 2505 protulimus,
1096 2433 1159 2486 tum
1183 2425 1257 2485 Ald-

142 2516 231 2575 helmi
261 2518 378 2576 abbatis
409 2538 484 2595 quae
515 2523 613 2578 exstat
644 2517 748 2594 (datie,
779 2515 967 2575 Bibliotheca
994 2536 1049 2574 rer.
1074 2515 1174 2575 Germ.
1197 2515 1258 2574 HI.

143 2628 188 2684 ep.
208 2608 233 2679 1,
250 2628 278 2684 p.
295 2609 335 2665 26
353 2609 409 2684 sq.)
433 2607 561 2684 epistula
581 2607 619 2666 ad
634 2604 813 2669 Geruntium
836 2626 935 2683 regem
950 2605 1136 2665 Damnoniae
1159 2605 1259 2681 (bodie

141 2692 320 2756 Devorlelu're
343 2702 373 2755 et
399 2692 592 2774 Comwalle's).
638 2696 697 2756 Sed
719 2702 839 2774 praeter
860 2695 914 2754 hos
937 2715 1047 2768 mores,
1085 2697 1116 2772 1)
1140 2715 1257 2772 compu-

142 2786 286 2846 tationem
301 2786 370 2845 festi
386 2786 541 2863 paschalis,
566 2787 598 2862 2)
614 2785 788 2863 baptizandi
812 2785 896 2856 ritus,
921 2784 954 2859 3)
970 2789 1110 2842 tonsurae
1125 2785 1258 2856 formam,

141 2876 231 2935 etiam
255 2874 328 2934 alios
351 2894 522 2932 enumerare
544 2893 708 2951 possumus.

230 2963 272 3021 Et
296 2968 401 3039 quarto
418 2962 536 3040 quidem
552 2963 615 3020 loeo
630 2960 794 3039 peculiares
810 2961 1005 3020 ordinationis
1026 2961 1109 3035 ritus,
1133 2981 1259 3038 quorum

142 3052 253 3111 mentio
284 3071 373 3128 supra
405 3056 449 3111 est
479 3051 558 3111 facta
589 3053 629 3130 (p.
657 3053 733 3128 17)..
754 3050 930 3110 Lectionum
953 3051 1031 3110 enim
1055 3072 1167 3124 cursus,
1200 3071 1258 3128 quo

143 3141 282 3200 Britones
305 3145 380 3199 teste
404 3139 493 3200 Gilda
515 3141 690 3216 utebantur,
721 3141 795 3201 alius
823 3145 887 3200 erat
917 3147 1007 3218 atque
1029 3142 1060 3200 in
1084 3141 1191 3201 ceteris
1214 3161 1258 3200 ec·

139 3231 251 3303 etesiis,
275 3251 329 3289 nec
352 3251 411 3290 non
433 3231 586 3308 proprium
610 3237 674 3290 erat
696 3230 864 3303 Britonum,
888 3230 967 3306 quod
986 3265 1023 3274 —
1042 3231 1144 3290 eodem
1168 3229 1258 3289 Gilda

141 3327 216 3392 teste
239 3320 390 3379 -etiam
414 3340 517 3379 manus
541 3320 771 3379 ordinandorum
795 3320 950 3379 chrismate
974 3319 1194 3397 inungebantur
1210 3321 1258 3394 (of.

141 3411 267 3469 Warreu
295 3432 323 3488 p.
349 3407 390 3469 69
414 3430 457 3485 sq.
480 3410 521 3469 H.
544 3409 603 3468 and
627 3408 670 3469 St.
694 3408 718 3482 Ι,
746 3430 775 3487 p.
802 3408 862 3466 155
888 3429 950 3467 nro.
975 3408 1016 3485 5).
1062 3407 1121 3468 Sed
1149 3409 1204 3468 hac
1226 3408 1258 3467 in

141 3519 173 3555 re
197 3499 404 3577 negligendum
427 3519 486 3558 non
510 3505 563 3572 est,
587 3498 710 3557 eundem
734 3519 844 3558 morem
867 3498 1102 3575 inungendarum
1119 3519 1258 3557 manuum

141 3593 246 3664 postea
268 3588 394 3649 inveniri
416 3589 447 3646 in
471 3589 536 3665 ipsa
559 3587 725 3666 Anglorum
750 3588 870 3647 ecelesia
894 3587 1049 3663 (warren,
1073 3611 1101 3667 p.
1127 3589 1167 3645 70
1192 3590 1257 3666 sq).

232 3675 342 3749 Quinto
372 3679 436 3736 loco
467 3677 524 3736 viri
555 3677 717 3737 doctissimi
745 3678 784 3735 H.
809 3678 867 3736 and
891 3675 936 3736 St.
960 3684 1189 3737 commemorant
1221 3677 1258 3753 (Ι,

141 3788 170 3844 p.
189 3764 251 3823 155
275 3786 336 3823 nro.
355 3768 386 3841 6)
410 3767 568 3826 Britonum
591 3788 700 3826 morem
723 3767 813 3826 fuisse
837 3766 990 3844 episcopos
1014 3766 1196 3825 conseoarari
1220 3767 1258 3825 ab

141 3875 199 3913 uno
216 3855 309 3914 altero
327 3855 464 3933 episeopo
480 3876 539 3915 non
560 3857 662 3915 accitis
678 3856 792 3915 duobus
816 3856 889 3929 aliis,
913 3855 1001 3915 sicuti
1024 3876 1150 3915 canones
1172 3877 1257 3933 prae·

141 3944 264 4022 cipiunt.
309 3944 376 4002 Hoc
403 3948 465 4021 jam
488 3945 662 4004 Warrenius
685 3948 726 4024 (p.
752 3946 805 4022 69)
829 3946 861 4004 in
893 3944 1109 4004 dubitationem
1140 3945 1258 4006 vocavit

142 4034 255 4112 optimo
280 4032 398 4111 quidem
418 4037 503 4110 jnra-
517 4034 569 4094 sed
592 4035 701 4094 leviore
725 4035 852 4112 quodam
875 4040 1057 4112 argumento.
1089 4035 1258 4094 Verisimile

141 4144 198 4182 non
232 4144 307 4195 esse,
342 4122 399 4196 ait,
433 4122 585 4197 Britones‚
622 4144 745 4200 qnorum
776 4124 906 4203 episcopi
937 4123 1059 4184 coneilio
1087 4122 1258 4183 Arelatensi

140 4213 360 4286 interfuissent,
395 4219 498 4289 postea
533 4233 665 4288 egressos
696 4234 757 4272 esse
789 4220 873 4272 extra
907 4213 995 4288 hujus
1028 4213 1123 4291 ipsius
1153 4213 1257 4289 synodi

141 4303 358 4380 praescriptum*
384 4304 459 4377 (can.
488 4302 537 4359 20.
565 4303 674 4377 Mansi,
704 4323 812 4362 sacror.
840 4302 988 4362 concilior.
1016 4303 1103 4380 ampl.
1127 4303 1191 4361 coll.
1215 4301 1257 4375 II,
