3024 4920
642 192 863 249 ...74-

194 370 372 442 Caedvalla,
403 362 664 428 christianissimus
695 369 807 428 scilicet
829 370 879 427 ille
901 368 1059 428 Britonum
1083 391 1136 428 rex
1159 372 1207 446 (cf.
1231 371 1316 431 Beda

192 463 221 520 h.
238 481 262 518 e.
280 461 309 532 2,
326 460 377 531 20,
394 459 412 536 ἓ
431 458 506 535 147)
534 455 675 516 Aeduino
701 456 766 534 regi
788 458 897 520 bellum
922 459 1025 517 intulit
1047 465 1078 518 et
1101 460 1152 517 illo
1175 465 1316 537 superato

194 557 284 626 atque
308 548 464 607 interfecto
486 547 802 622 Nordanhymbrorum
825 548 961 623 regiones
990 549 1069 606 ferro
1096 548 1217 625 ignique
1241 549 1315 608 adeo

193 639 334 711 vastavit,
356 642 391 695 ut
414 636 558 694 Paulinus
580 636 683 695 relicta
706 637 775 695 sede
791 635 984 696 cantuariam
1005 642 1215 696 reverteretur.
1247 637 1317 697 Una

193 747 264 789 vero
288 736 354 785 cum
377 725 505 784 Paulino
536 731 567 784 et
589 724 656 802 ipsa
678 725 750 784 fides
782 725 943 784 christiana
974 726 1117 785 discessit.
1162 727 1240 786 Nam
1265 727 1317 804 qui

194 815 366 876 Aeduinum
397 814 491 873 secuti
521 820 591 872 sunt
623 835 725 890 reges,
755 814 935 885 Eanfridus,
968 814 1125 873 Ethiliridi
1155 815 1318 875 decessoris

196 904 329 965 Aeduini
352 897 439 975 lilius,
464 903 495 960 in
518 902 666 975 Bernicia,
691 903 819 975 Osricus,
842 903 935 980 ipsius
958 901 1091 961 Aednini
1115 904 1317 977 consobrinus,

195 995 227 1052 in
250 993 352 1066 Deire,
376 993 493 1066 abjecta
516 991 590 1064 fide,
621 1010 680 1067 qua
710 992 760 1050 ille
792 993 860 1051 exul
889 992 920 1050 in
944 990 1051 1060 Scotin-
1077 993 1125 1051 hic
1148 1013 1166 1050 a
1188 992 1318 1052 Paulino

195 1083 327 1142 imbutus
351 1088 431 1152 erat,
454 1079 497 1140 ad
513 1078 632 1159 priseos
653 1077 868 1161 tempsanae
890 1079 989 1140 sordes
1012 1087 1199 1140 reverterunt
1222 1081 1318 1156 (Beda

196 1173 224 1231 h.
249 1193 273 1230 e.
298 1172 327 1244 3,
353 1172 380 1244 1,
406 1171 423 1248 ξ
451 1169 536 1246 150).
582 1167 642 1227 Sed
669 1172 732 1245 jam
764 1175 904 1246 sequente
934 1189 1013 1229 anno
1036 1170 1073 1228 ab
1098 1171 1200 1228 eodem
1223 1169 1317 1229 Caed-

196 1256 275 1323 valla
306 1267 433 1336 uterque
463 1264 636 1335 peremptus
667 1263 720 1316 est.
766 1259 833 1333 Quo
864 1259 995 1318 facinore
1019 1257 1179 1318 andvalla
1203 1259 1319 1319 nescius

196 1349 269 1410 fidei
292 1349 471 1407 christianae
494 1343 573 1406 viam
596 1348 628 1406 in
642 1347 933 1423 Nordanhymbriam
956 1368 1059 1406 rursus
1079 1348 1206 1426 aperuit.
1241 1348 1318 1406 Nam

197 1439 364 1509 Osweldus,
395 1435 534 1495 Eanfridi
563 1437 657 1495 frater
686 1443 718 1495 et
748 1440 811 1512 ejus
841 1436 996 1512 Osricique
1026 1437 1058 1494 in
1087 1441 1152 1495 tota
1182 1436 1318 1496 Norden·

196 1526 334 1604 hymbria
365 1544 526 1598 successor,
558 1530 588 1583 11
614 1525 678 1602 ipse
705 1545 764 1583 una
792 1540 857 1584 cum
887 1527 981 1584 fratre
1005 1546 1026 1584 a·
1046 1525 1145 1584 Sectis
1168 1526 1320 1597 educatus,

197 1622 283 1677 tanto
307 1616 339 1674 in
362 1615 450 1672 exilio
475 1634 545 1690 erga
568 1611 720 1672 Christum
744 1634 842 1673 amore
866 1621 931 1674 erat
953 1615 1099 1686 incensus,
1122 1619 1164 1687 ut,
1188 1614 1321 1673 simulat·

199 1725 259 1780 que
279 1725 332 1762 rex
354 1705 451 1762 factus
482 1708 540 1776 est,
571 1703 725 1761 consilium
756 1711 888 1780 caperet,
918 1710 953 1762 ut
983 1703 1093 1762 auxilio
1123 1722 1223 1762 eorum
1230 1747 1237 1775 ,
1269 1702 1321 1779 qui

198 1795 296 1873 ipsum
319 1792 499 1864 erudierant,
522 1792 665 1870 populum
688 1811 774 1850 suum
797 1792 835 1850 sd
858 1792 946 1850 fidem
969 1793 1131 1874 reduceret.

288 1881 397 1957 Itaque
427 1882 539 1939 factum
574 1886 634 1952 est,
670 1887 705 1940 111
735 1880 874 1940 Hiienses
910 1887 1018 1957 rogatu
1052 1881 1132 1958 regis
1162 1880 1322 1939 Aedanum

199 1971 371 2050 episcopum
386 1970 418 2028 in
433 1969 724 2045 Nordanhymbriam
739 1969 893 2029 mittentes
909 1971 1006 2045 (Beda
1020 1970 1049 2027 h.
1066 1991 1090 2028 e.
1109 1971 1137 2041 3,
1156 1971 1184 2042 3,
1207 1970 1224 2047 ξ
1244 1968 1323 2040 155;

151 2092 153 2096 ⁴
201 2061 229 2134 5,
253 2062 270 2138 g
297 2060 373 2135 164)
397 2059 560 2117 dominium
591 2077 676 2116 suum
699 2061 746 2135 (ut
768 2058 812 2118 ita
835 2059 931 2117 dicam
956 2079 1021 2117 cum
1044 2058 1141 2135 Beda)
1164 2059 1196 2117 iu
1227 2057 1322 2135 ipsius

199 2150 298 2224 gentis
325 2148 496 2224 Anglorum
526 2148 661 2224 regiones
693 2153 911 2225 propagarent,
942 2168 1001 2206 non
1030 2147 1094 2205 dixi
1123 2148 1154 2205 in
1184 2146 1322 2207 Norden·

198 2236 379 2313 hymbriam,
411 2256 480 2293 nam
507 2249 571 2293 non
598 2236 678 2293 solae
701 2235 907 2295 Berniciornm
930 2241 961 2295 et
983 2235 1160 2294 Deiriorum·
1177 2236 1323 2312 regiones,

200 2327 233 2384 in
255 2325 363 2401 quibus
378 2324 521 2383 Aedanus
537 2324 735 2402 episcopalem
758 2344 842 2383 suam
862 2325 961 2383 sedem
977 2325 1173 2384 constituerat
1195 2325 1227 2383 in
1250 2345 1323 2402 pen·

200 2415 298 2474 insula
313 2413 560 2486 Lindisfarnensi,
576 2412 695 2471 Aedani
718 2419 749 2471 et
771 2413 917 2472 sociorum
942 2434 1031 2491 opera
1053 2433 1138 2473 sacra
1161 2413 1325 2472 christiana

80 2572 83 2580 ²
201 2509 406 2580 susceperuut,
438 2503 490 2561 sed
520 2507 624 2579 postea
655 2501 744 2559 etiam
768 2501 972 2579 Middilanglis
1001 2508 1032 2562 et
1054 2501 1172 2562 Merciis
1203 2508 1325 2561 auctore

201 2612 271 2668 rege
299 2591 400 2663 Oasin,
432 2590 563 2648 Oswaldi
593 2589 722 2668 primum
752 2593 843 2667 (anno
876 2592 952 2670 642)
982 2591 1013 2649 in
1031 2590 1189 2662 'Bernicia,
1217 2590 1325 2649 deinde

201 2680 406 2756 (651-670)
438 2679 595 2738 interfecto
627 2678 746 2737 Oswino
778 2679 874 2756 (Beda
902 2681 931 2738 h.
959 2701 984 2738 e.
1009 2680 1043 2753 3,
1070 2679 1119 2754 14,
1143 2681 1160 2758 ξ
1187 2678 1262 2756 188)
1292 2679 1325 2738 in

201 2776 267 2830 tota
282 2768 543 2845 Nordanhymbria
566 2787 740 2850 successore,
765 2769 803 2827 ad
825 2767 913 2826 fidem
938 2769 1129 2828 christianam
1145 2767 1326 2829 transeunti·

202 2860 258 2918 bus
282 2880 300 2918 a
323 2857 449 2932 Finano,
473 2856 594 2916 Aedani
616 2877 782 2916 successore
806 2856 1017 2934 (651-661),
1046 2857 1200 2936 episcopus
1224 2877 1326 2917 conse·

205 2954 305 3008 cratus
329 2953 374 3007 est
397 2955 427 3006 et
450 2946 557 3005 missus
572 2946 684 3004 Diuma
707 2945 837 3022 qnidam,
861 2946 982 3005 natione
997 2946 1104 3007 Scotus
1128 2944 1224 3023 (Beda
1247 2947 1275 3007 h.
1299 2967 1324 3005 e.

204 3037 233 3110 3,
259 3037 310 3110 21,
334 3038 351 3114 ξ
376 3036 440 3093 216
464 3055 542 3111 sqq,
567 3035 602 3092 cf.
628 3034 657 3106 3,
681 3034 731 3107 24,
756 3034 773 3111 ξ
797 3035 884 3112 223),
912 3044 1036 3095 necnon
1058 3035 1160 3094 eodem
1190 3042 1326 3112 tempore

202 3124 293 3184 etiam
317 3123 486 3182 Orientales
510 3120 642 3181 Saxones
654 3120 760 3204 fidam,
785 3142 875 3204 quom
897 3120 966 3183 olim
990 3127 1080 3198 (anno
1105 3126 1182 3200 616)
1205 3119 1326 3203 espislso

203 3208 320 3272 Mettio
343 3209 480 3282 antistite,
511 3210 677 3288 Augustini
707 3209 918 3271 Cantuarensis
950 3213 1042 3286 socio,
1073 3208 1252 3294 objeceram,
1281 3210 1325 3272 in·

202 3299 310 3361 stantia
330 3298 408 3382 repis
427 3295 516 3361 Osoiu
539 3307 708 3379 receperunt
730 3300 771 3377 (h.
794 3321 819 3362 1.
844 3302 872 3375 3,
889 3302 940 3375 22,
964 3303 982 3381 ξ
999 3302 1077 3379 213)
1100 3308 1130 3361 11
1154 3303 1326 3380 episcopum

204 3396 382 3468 acceperunt
403 3389 522 3449 nomine
546 3389 642 3462 Oedd,
674 3389 796 3449 natione
819 3388 965 3468 Anglum,
994 3397 1024 3450 et
1046 3390 1145 3468 ipsum
1168 3412 1186 3450 a
1208 3385 1327 3448 Finanu

202 3486 413 3539 consecratum.

292 3567 401 3643 Itaque
425 3566 555 3643 exceptis
571 3565 775 3626 Orientalibus
797 3566 916 3644 Anglis,
940 3567 992 3643 qui
1011 3570 1074 3642 jam
1097 3566 1212 3645 pridem
1233 3562 1326 3643 (631)

203 3679 221 3716 a
245 3656 417 3716 Cantuariis
447 3655 536 3713 fidem
567 3655 758 3714 christianam
789 3662 820 3714 et
850 3656 1020 3734 episcopum
1044 3656 1162 3715 nomine
1185 3654 1326 3728 Felicem,

95 3795 97 3800 ,
203 3747 235 3805 in
259 3744 436 3822 Burgundio
466 3750 569 3803 natum
601 3749 631 3803 et
661 3750 872 3821 consecratum,
903 3750 1078 3822 acceperant
1105 3746 1147 3820 (h.
1172 3766 1196 3804 e.
1221 3746 1249 3816 2,
1276 3743 1327 3818 15,

206 3837 223 3913 ξ
243 3835 328 3911 135),
344 3839 410 3893 1111
433 3853 468 3892 ea
483 3832 659 3892 Britanniae
674 3831 955 3909 Anglo·Saxonicac
978 3854 1056 3911 pars,
1081 3853 1157 3910 quae
1173 3855 1190 3892 a
1207 3831 1329 3892 Tamesi

205 3923 325 3981 flumine
355 3922 387 3980 in
421 3922 637 4000 septentriones
666 3922 778 3998 vergit,
816 3922 992 3981 Hiiensibus
1027 3929 1093 3981 erat
1126 3924 1262 3997 subjecta
1291 3942 1329 3980 ac

205 4011 323 4088 quidem
346 4031 405 4069 non
429 4012 602 4071 circuitione
619 4009 748 4086 quadam
763 4010 815 4069 sed
830 4011 881 4084 ita,
899 4017 939 4069 ¹ut
960 4011 1124 4070 arctissima
1139 4009 1328 4070 necessitudo

204 4107 282 4160 esset
312 4101 371 4160 illis
401 4100 572 4178 regionibus
604 4119 669 4157 cum
699 4099 808 4158 abbate
840 4099 972 4173 Hiiensi,
1003 4103 1086 4175 cujus
1116 4099 1329 4159 auctoritatem

204 4188 485 4268 archiepiscopalem
499 4188 647 4265 quandam
660 4187 752 4247 fuisse
765 4193 844 4247 certe
856 4189 987 4248 hocloco
999 4190 1034 4248 fit
1046 4188 1329 4249 manifestissimum.
1416 4178 1421 4185 ’

203 4278 280 4339 Nam
304 4283 334 4337 et
356 4277 500 4337 Aedanus
524 4277 621 4353 (Beda
644 4277 672 4335 h.
696 4297 721 4339 e.
747 4277 775 4351 3,
801 4276 829 4335 3.
853 4277 870 4355 ς
890 4277 950 4335 157
977 4285 1007 4337 11
1034 4278 1109 4336 1641
1133 4272 1329 4358 siequeillnm
