3024 4920
655 224 875 282 ..24-

209 400 249 483 (h.
273 426 297 464 c.
323 406 350 479 1,
377 405 416 462 12
440 405 496 482 sq.)
529 438 566 447 —
602 404 778 482 praecipuus
808 403 892 462 testis
922 409 967 462 est
996 401 1215 463 consuetudinis
1245 399 1324 460 inter

208 494 366 554 Britonum
383 500 413 554 et
427 494 628 552 Romanorum
644 493 788 567 ecclesias,
813 493 922 571 quippe
946 493 996 568 qui
1012 493 1198 570 ¹mentionem
1221 491 1324 551 fecerit

209 585 245 644 dc
269 583 418 643 Germano
443 605 460 642 a
483 581 650 643 Coelestino
677 603 756 660 papa
783 583 813 641 in
836 581 1026 641 Britanniam
1048 582 1159 641 misso?
1193 581 1323 640 Minime.
1348 653 1352 658 .

209 675 369 750 Quousque
400 672 477 730 enim
512 672 609 732 abiret
640 671 802 731 historialis
838 671 993 748 diligentia
1022 671 1047 730 si
1077 672 1169 730 verba
1199 675 1233 729 ut
1262 689 1323 741 „no

208 783 261 823 orae
283 782 338 821 cca
365 761 438 821 read
467 758 512 821 the
542 760 636 822 werbe
665 759 702 842 of
717 757 848 842 Prosper
874 758 992 820 antliout
1019 759 1155 842 canday,
1189 757 1250 818 tbut
1278 755 1323 818 bia

208 849 288 933 cbief
297 847 386 932 object
400 871 461 910 auus
476 859 504 911 to
519 849 652 933 naupnify
667 847 712 908 tlte
731 848 910 930 importunae
933 847 967 931 of
985 847 1032 909 the
1046 844 1167 932 Pcpucy
1183 849 1322 927 (Warren

208 962 236 1018 p.
261 941 315 1018 32)
338 941 444 999 idonea
469 947 579 1014 essent,
612 940 718 1016 quibus
741 940 777 998 de
801 939 897 999 medio
920 941 1075 999 tolleretur
1098 941 1137 1013 is,
1169 940 1219 1018 qui
1246 959 1322 997 unus

209 1036 307 1090 exstat
329 1030 456 1108 scriptor
480 1029 610 1108 aequalis
632 1049 725 1106 paene
747 1029 792 1102 iis,
816 1029 852 1087 de
876 1030 982 1105 quibus
1005 1049 1082 1088 nunc
1103 1030 1210 1107 agitur,
1233 1029 1322 1088 rebus

208 1119 320 1197 gestis?
341 1119 478 1192 Dicant,
511 1119 560 1197 qui
592 1118 741 1198 Prospero
770 1118 858 1178 fidem
887 1119 997 1177 habere
1027 1118 1178 1193 dubitant,
1213 1118 1322 1189 dicant,
1418 1156 1421 1161 ·

209 1229 364 1288 quemnam
394 1213 500 1286 putent
530 1208 664 1285 dignum,
700 1208 746 1266 cui
773 1208 846 1268 fides
873 1209 1031 1267 tribuatur.
1077 1206 1128 1266 An
1159 1214 1235 1281 crat,
1271 1207 1323 1283 qui

208 1298 312 1357 melius
335 1297 463 1356 scribere
485 1303 585 1377 posset
608 1296 644 1356 de
668 1298 878 1356 consuetudine
896 1298 973 1357 inter
988 1298 1127 1356 Britones
1142 1304 1173 1357 et
1187 1298 1322 1369 Romam,

88 1394 93 1404 ’
208 1408 296 1465 quam
311 1387 484 1466 Prosperus,
507 1392 612 1466 utpote
629 1387 681 1464 qui
696 1387 870 1447 secretarius
887 1391 963 1445 esset
978 1387 1088 1446 Leonis
1108 1380 1321 1466 papae'eodem

207 1477 272 1554 ipso
296 1497 386 1550 anno,
418 1497 476 1552 quo
503 1477 640 1536 ultimum
670 1476 749 1535 illius
772 1476 991 1536 consuetudinis
1013 1476 1214 1536 testimonium
1237 1475 1322 1534 nobis

208 1565 356 1625 occurrit?
391 1563 450 1624 Sed
480 1565 511 1625 id
540 1567 648 1644 ipsum,
681 1566 759 1643 quod
788 1567 907 1626 annales
938 1565 1094 1625 Cambriae
1124 1567 1257 1625 referunt
1286 1564 1322 1624 de

115 1669 117 1673 ·
207 1662 381 1714 cornmututo
404 1675 470 1714 cum
492 1676 578 1736 papa
600 1651 698 1716 Leone
722 1651 879 1735 parebam,
913 1655 1103 1728 Warrenius‚
1138 1656 1195 1714 nisi
1226 1655 1321 1726 fallor,

207 1744 338 1817 reticuit,
373 1744 478 1803 dubito
501 1766 539 1803 an
562 1745 598 1803 de
622 1745 780 1817 industria,
815 1766 884 1805 nam
912 1765 1006 1822 neque
1034 1746 1183 1803 annalium
1212 1745 1243 1802 in
1266 1744 1322 1801 hac

207 1855 238 1892 re
261 1832 334 1893 fides
357 1839 387 1892 ct
409 1834 570 1893 auctoritas
594 1835 641 1909 (cf.
665 1833 704 1893 H.
729 1834 786 1892 and
810 1832 853 1917 St.
877 1834 902 1903 I,
926 1856 955 1912 p.
975 1834 1036 1892 152
1061 1837 1134 1912 not.)
1158 1855 1253 1910 neque
1275 1854 1322 1891 res

206 1922 271 2000 ipsa
286 1923 405 1983 videtur
419 1943 505 2003 posse
529 1924 629 1984 vocari
651 1923 681 1983 in
705 1923 930 1983 dubitationem.
961 1922 1012 1982 An
1036 1925 1142 1983 mirum
1166 1930 1219 1997 est,
1243 1922 1321 2000 quod

206 2013 385 2090 imperatore
397 2013 608 2073 Valentiniano
632 2013 692 2071 ΙΙΙ.
715 2013 786 2087 Leo,
811 2013 988 2073 clarissimus
1011 2014 1060 2072 ille
1084 2015 1237 2092 episcopus
1261 2013 1320 2069 Ro·

206 2122 323 2175 manus,
354 2102 555 2180 principatum
578 2106 700 2163 tenebat
722 2104 754 2160 in
777 2103 899 2163 ecclesia
922 2103 1093 2176 Britonum,
1125 2103 1175 2179 qui
1199 2123 1231 2160 ao
1255 2101 1319 2176 ipso

206 2210 283 2249 anno
307 2190 385 2262 445,
420 2211 478 2266 quo
504 2191 745 2250 Valentinianum
776 2191 905 2251 edictum
937 2211 1020 2249 suum
1051 2192 1185 2249 omnibus
1217 2194 1319 2247 notum

206 2279 332 2338 edidisse
356 2284 484 2352 constat,
514 2280 639 2357 imperio
668 2279 803 2339 Romano
830 2280 956 2356 subjecti
985 2300 1046 2338 esse
1073 2301 1132 2339 non
1158 2282 1220 2356 jam
1244 2277 1319 2335 desi-

206 2369 313 2428 erant?
348 2368 442 2427 Immo
469 2369 697 2445 persuadeamus
721 2369 805 2428 nobis
827 2369 940 2446 primae
963 2368 1070 2428 aetatis
1093 2369 1250 2428 Britonum
1275 2388 1319 2425 ec·

205 2459 322 2518 clesiam
346 2458 382 2516 de
405 2457 534 2534 primatu
557 2458 686 2516 Romani
708 2457 856 2536 pontificis
879 2459 966 2518 aliter
993 2478 1052 2517 non
1081 2459 1206 2518 sensisse
1229 2464 1320 2533 atque

206 2555 317 2607 ceteras
340 2546 530 2607 occidentalis
552 2547 669 2625 imperii
692 2548 868 2627 provincias.
912 2547 1019 2607 Gildae
1042 2569 1114 2607 vero
1137 2548 1320 2626 temporibus

205 2637 314 2696 nullam
338 2635 512 2696 Britonibus
536 2657 601 2695 cum
623 2637 765 2697 Romanis
787 2639 1028 2699 necessitudinem
1053 2639 1142 2697 fuisse
1162 2637 1320 2696 Warrenio

204 2726 332 2786 libenter
355 2727 489 2800 concedo,
513 2727 565 2785 sed
588 2726 659 2803 quid
682 2727 718 2785 de
740 2727 850 2786 hac're
870 2727 1061 2803 judicandum
1086 2727 1125 2785 sit
1147 2747 1237 2805 supra
1257 2730 1320 2802 jam

206 2815 430 2875 commemoravi
454 2818 494 2894 (p.
521 2817 583 2894 17).
630 2816 713 2890 Quae
738 2837 802 2875 cum
826 2817 869 2875 ita
893 2817 961 2890 sint,
986 2837 1044 2875 non
1067 2817 1216 2889 habemus,
1241 2806 1319 2893 quod

204 2905 344 2966 Britones
371 2906 493 2965 ineunte
521 2906 638 2966 saeculo
665 2907 791 2984 septimo
820 2906 941 2967 infestos
971 2907 1060 2965 fuisse
1084 2912 1220 2984 putemus
1244 2905 1319 2983 epis·

204 3015 277 3072 copo
301 2995 444 3053 Romano.

292 3082 415 3158 Rejecta
442 3083 536 3160 igitur
558 3083 705 3142 sententia
728 3104 842 3158 eorum,
878 3085 929 3162 qui
950 3085 1086 3161 judicant
1113 3085 1183 3162 fuga
1210 3083 1318 3161 princi·

204 3179 292 3250 patus
314 3171 443 3230 Romani
466 3172 598 3248 episcopi
625 3173 735 3232 factum
765 3193 839 3246 esse,
870 3181 905 3233 ut
927 3173 1067 3233 Britones
1095 3175 1131 3232 de
1155 3172 1319 3250 Augustini

203 3260 361 3340 postulatis
384 3267 567 3334 recusarent,
592 3262 629 3320 ad
652 3268 784 3321 nostram
807 3262 960 3322 redeamus
984 3263 1196 3339 quaestionem,
1219 3269 1319 3319 utrum

204 3366 302 3410 amore
325 3370 438 3409 morum
461 3356 653 3428 paternorum
677 3352 814 3412 commoti
835 3351 974 3411 Britones
998 3352 1149 3410 renuerint
1172 3372 1230 3409 una
1253 3372 1319 3408 cum

204 3438 374 3516 Augustino
398 3441 520 3499 verbum
536 3440 584 3498 dei
599 3439 767 3500 Saxonibus
789 3441 958 3519 praedicare
982 3462 1019 3499 an
1043 3441 1191 3500 noluerint
1214 3437 1319 3518 priscis

205 3528 341 3587 abdicare
370 3529 513 3603 moribus,
545 3529 614 3607 quia
638 3531 836 3590 abhorrebant
860 3552 877 3587 a
900 3529 1110 3589 consuetudine
1139 3551 1203 3588 cnm
1227 3529 1317 3589 Saxo·

203 3618 298 3677 nibus.
343 3618 447 3695 Neque
475 3622 537 3695 jam
568 3619 639 3695 quid
669 3619 898 3698 respondeamus
925 3619 1046 3678 dubium
1071 3625 1130 3692 est,
1161 3625 1319 3698 postquam
1367 3629 1369 3632 ’

203 3707 330 3767 vidimus
358 3728 453 3785 neque
481 3709 511 3766 in
540 3707 667 3768 Gallicia
694 3729 790 3785 neque
818 3708 849 3766 in
874 3707 973 3768 Gallia
1000 3708 1124 3767 similem
1152 3710 1188 3768 de
1217 3709 1319 3767 iisdem

203 3797 334 3856 moribus
363 3804 459 3857 ortam
488 3819 549 3857 esse
578 3798 808 3858 controversiam
832 3805 922 3876 atque
946 3798 976 3857 in
1000 3797 1165 3857 Britannia.
1211 3797 1319 3856 Odium

204 3886 235 3944 in
259 3885 404 3959 Saxones,
438 3886 516 3964 quod
546 3887 656 3964 gentile
687 3894 751 3946 erat
773 3887 960 3960 Britonibus,
991 3888 1179 3965 praecipuam
1203 3891 1318 3947 contro·

202 3976 316 4034 versiae
340 3996 456 4035 causam
479 3975 568 4034 fuisse
591 3976 621 4034 in
638 3976 796 4035 Britannia
813 3976 998 4036 manifestum
1023 3997 1084 4035 esse
1108 3977 1179 4034 mihi
1201 3975 1320 4036 videtur

204 4064 294 4140 (idem
318 4066 410 4124 sensit
433 4064 529 4124 Varin
552 4071 636 4124 mem.
654 4067 682 4138 2,
705 4085 733 4141 p.
751 4067 813 4123 227
831 4068 916 4143 sqq.).
962 4065 1073 4124 Priscis
1097 4067 1234 4124 abdicare
1257 4085 1317 4122 mo·

203 4154 285 4213 ribus
315 4173 374 4211 non
404 4154 461 4212 alio
494 4154 613 4212 consilio
643 4153 701 4213 nisi
731 4161 765 4212 nt
792 4155 961 4214 societatem
991 4155 1181 4214 christianam
1208 4154 1319 4213 inirent

202 4263 267 4301 cum
298 4242 447 4301 Saxonum
479 4248 567 4318 gente
598 4243 726 4301 omnium
757 4243 883 4301 maxime
914 4244 971 4303 sibi
1000 4244 1109 4315 invisa,
1138 4243 1192 4301 hoc
1216 4241 1318 4301 durius

202 4338 273 4406 erat,
298 4350 386 4413 quam
410 4330 489 4411 quod
511 4330 611 4390 odium
634 4331 698 4391 fieri
722 4331 839 4393 sineret.
870 4332 1103 4392 Acerbissimum
1127 4331 1204 4388 enim
1227 4331 1318 4391 fuisse
