3024 4920
572 217 790 275 ..85-

127 402 225 467 nerat,
249 395 375 472 denique
399 395 527 468 Tudam,
560 395 610 472 qui
633 402 740 455 tenente
763 390 859 453 mlhuc
876 392 1078 478 pormflcetum
1102 390 1244 453 Colmoco

126 485 157 543 in
187 484 475 560 Nordanhymbriam
511 489 634 543 venerat
663 489 693 543 66
721 485 842 542 summis
872 483 951 560 apud
980 482 1244 558 Nordanhymbros

126 572 288 631 honoribus
311 573 489 645 habebatur,
521 592 690 648 quanquam
718 571 800 652 apud
828 569 930 632 Seotos
957 569 1102 630 66666666
1128 570 1158 630 iu
1186 568 1242 630 Hi-

126 660 226 720 hermia
248 660 378 722 meditus
398 658 487 742 justu
509 679 620 720 rnorem
647 658 726 720 illius
746 659 917 741 prouinciae
945 668 1095 720 tonsuram
1122 678 1245 720 coronae

126 747 247 808 hahebat
267 758 293 810 et
307 746 478 809 catholicum
500 749 637 829 temporis
652 747 804 830 paschales
818 746 951 830 sepulum
966 747 1133 808 obseruabat
1149 748 1245 824 (Beda

126 841 154 898 h.
170 861 194 898 6.
212 840 242 916 3,
260 839 447 917 266237).

217 928 300 1001 Quae
322 948 389 986 cum
411 927 456 986 ita
478 933 588 1001 essent,
618 926 682 985 fieri
704 947 763 985 non
791 927 903 1005 potuit,
928 927 1000 1003 quin
1029 926 1156 1007 quaestio
1179 924 1244 1007 fre-

126 1035 214 1098 quens
243 1024 269 1076 et
297 1035 406 1097 muprm
435 1016 472 1076 de
507 1014 701 1076 observassem
728 1013 860 1096 paschae
892 1015 1019 1074 mirmur
1054 1015 1134 1074 inter
1165 1015 1246 1092 ipsos

127 1105 231 1164 Scotos
254 1111 285 1164 et
307 1125 365 1177 eos,
388 1105 440 1186 qui
461 1104 498 1165 de
521 1099 626 1165 Caua
648 1101 751 1164 uelde
775 1100 875 1166 Gaea
897 1103 1075 1164 adcelerant
1096 1102 1193 1180 (Beda
1216 1103 1246 1162 h.

127 1215 152 1253 e.
177 1196 205 1267 3,
230 1194 281 1268 25,
306 1195 323 1272 ξ
349 1195 435 1270 226).
481 1190 543 1253 Sed
571 1189 641 1252 hoec
671 1191 851 1252 dissertantis
874 1189 1020 1272 paschalis
1050 1190 1247 1252 observantiae
1305 1247 1309 1254 .

127 1282 233 1343 vivente
262 1279 387 1342 Aeduae
413 1281 559 1364 patienter
587 1280 625 1341 ab
654 1280 786 1342 66666666
815 1279 993 1341 tolerubsuur
1022 1282 1062 1357 (h.
1086 1302 1109 1340 e.
1136 1283 1169 1353 3,
1193 1281 1244 1353 25,

128 1373 146 1449 ξ
172 1374 258 1448 226),
282 1372 415 1431 Finanus
446 1377 557 1443 autem,
580 1371 701 1429 Aedani
728 1391 876 1431 successor
899 1371 1110 1447 (651-661),
1135 1371 1246 1447 quippe

129 1462 179 1536 qui
203 1461 289 1518 homo
314 1466 391 1519 esset
413 1460 564 1520 ferocioris
580 1461 679 1534 animi,
702 1467 838 1537 apertum
862 1460 1069 1519 observantiae
1091 1459 1247 1518 Romanae

128 1550 328 1609 adversarium
351 1569 382 1608 se
405 1550 553 1626 praebuit,
577 1556 608 1609 et
638 1570 704 1608 cum
731 1550 870 1608 defuncto
893 1547 1009 1608 Finano
1031 1547 1191 1607 Colmanus
1214 1548 1245 1606 in

128 1639 330 1718 episcopatum
353 1640 549 1710 successisset,
573 1638 662 1696 etiam
684 1639 805 1714 gravior
827 1639 908 1696 facta
931 1644 977 1697 est
999 1638 1211 1697 controversia.

217 1727 298 1801 Quid
326 1727 417 1785 tunc?
455 1726 668 1785 Intermissane
698 1732 743 1786 est
773 1727 955 1786 consuetudo
986 1747 1052 1785 cum
1080 1724 1246 1784 Romanis?

129 1815 244 1874 Suntne
268 1821 351 1874 ortae
374 1815 547 1874 inimicitiae
563 1815 640 1874 sicut
662 1816 742 1875 inter
756 1815 896 1874 Britones
913 1822 943 1875 et
957 1814 1128 1879 Romanos?
1150 1814 1247 1871 Immo

128 1903 232 1962 habita
255 1910 300 1962 est
322 1903 450 1980 synodus
473 1904 505 1962 in
528 1905 706 1963 monasterio
723 1904 1014 1964 Strenaeshalchensi
1037 1910 1158 1963 auctore
1181 1903 1247 1980 ipso

128 2011 199 2068 rege
223 1989 334 2051 Osviuo
351 2026 392 2036 —
417 1998 447 2051 et
470 1993 633 2069 composita
656 1999 701 2051 est
725 1993 933 2053 controversia.
964 1993 1070 2053 Nonne
1093 1992 1165 2050 haec
1181 1992 1247 2068 ipsa

129 2101 175 2139 res
198 2080 428 2139 luculentissime
451 2081 625 2157 comprobat
647 2082 702 2140 nisi
727 2082 888 2141 levioribus
919 2081 1051 2140 diversas
1074 2100 1134 2139 non
1156 2080 1247 2139 fuisse

130 2169 266 2228 ecclesias
295 2169 451 2228 Scotorum
480 2176 511 2229 et
533 2169 755 2229 Romanorum?
778 2170 865 2229 Adeo
889 2169 1009 2229 levioris
1036 2170 1178 2228 momenti
1200 2169 1246 2226 fu·

130 2264 218 2317 erunt
240 2253 317 2318 alme
340 2258 408 2317 illae
431 2255 633 2319 ecohmsucae
656 2255 926 2339 senescalcus,
950 2259 987 2317 66
1004 2258 1112 2335 quibus
1127 2264 1249 2335 praeter

128 2347 366 2407 observationem
396 2348 562 2425 paschalem
593 2349 794 2408 controversia
825 2354 890 2406 orta
921 2354 986 2407 erat
1017 2347 1057 2422 (h.
1082 2368 1105 2406 s.
1137 2349 1171 2420 3,
1196 2346 1247 2419 25,

128 2438 145 2515 ξ
170 2436 257 2511 227),
280 2440 315 2494 66
337 2435 421 2494 Beda
444 2437 538 2495 solum
561 2437 592 2495 id
614 2437 772 2496 memoriae
795 2438 946 2514 proderet,
979 2436 1059 2514 quod
1086 2436 1123 2494 de
1146 2437 1246 2494 obser·

128 2525 231 2585 vantia
259 2523 394 2602 paschali
423 2531 523 2584 actum
553 2531 600 2584 est
632 2526 664 2583 in
695 2525 816 2600 synodo.
860 2524 966 2601 Neque
996 2531 1096 2584 tamen
1128 2524 1247 2583 omnino

128 2614 307 2691 ignoramus,
340 2631 416 2689 quae
446 2614 558 2672 fuerint
580 2614 655 2672 aliae
677 2613 746 2672 illae
770 2614 987 2674 controversiae
1011 2633 1124 2674 causae.
1169 2613 1247 2674 Nam

129 2702 218 2762 etiam
241 2700 278 2760 de
309 2706 431 2761 tonsura
461 2722 520 2761 non
552 2702 704 2762 minimam
735 2703 937 2779 quaestionem
964 2703 1054 2761 fuisse
1076 2702 1160 2760 Beda
1183 2702 1249 2781 ipse

128 2798 174 2851 est
195 2790 281 2850 testis
305 2791 345 2866 (h.
369 2812 394 2849 e.
418 2792 447 2865 3,
472 2793 523 2863 26,
548 2792 670 2868 5236).
706 2792 866 2851 Praeterea
896 2811 971 2867 quae
998 2791 1110 2850 fuerint
1134 2810 1247 2863 causae,

127 2881 307 2958 ignoramus.
345 2879 562 2957 Suspicandum
586 2886 685 2939 autem
708 2886 754 2939 est
776 2880 813 2938 de
836 2880 944 2938 ritibus
967 2879 1186 2952 ecclesiasticis,
1210 2879 1247 2937 de

129 2969 350 3028 consecratione
380 2968 566 3050 sacerdotum
590 2968 662 3042 (vid.
690 2988 780 3045 supra
808 2989 838 3046 p.
862 2970 926 3044 76),
957 2968 995 3027 de
1024 2967 1141 3027 ratione
1173 2969 1247 3026 cele·

128 3056 261 3115 brandae
284 3055 479 3115 eucharistiae
495 3056 567 3132 (vid.
591 3056 669 3116 infra
692 3058 772 3135 apud
788 3057 850 3116 001.
866 3058 955 3132 Lux.)
979 3062 1009 3116 66
1031 3056 1069 3116 de
1089 3056 1154 3117 aliis
1170 3060 1248 3132 ejus·

129 3145 209 3204 modi
240 3165 303 3203 esse
335 3143 534 3222 disputatum,
565 3146 601 3204 de
630 3146 738 3222 quibus
769 3146 913 3205 sciscitari
938 3154 1040 3206 nostra
1063 3167 1123 3205 non
1146 3148 1247 3217 refert,

128 3235 198 3311 quia
221 3234 285 3312 ipse
309 3233 414 3310 synodi
438 3239 561 3294 eventus
584 3235 768 3295 demonstrat
797 3236 909 3295 leviora
938 3236 1029 3295 fuisse
1061 3236 1112 3294 illa
1139 3235 1249 3293 omnia.

218 3322 379 3382 Colmanus
402 3323 520 3400 quidem
542 3343 645 3400 pacem
669 3330 700 3383 et
722 3323 908 3382 concordiam
940 3344 1006 3382 cum
1029 3323 1172 3382 Romanis
1202 3343 1249 3380 re·

128 3413 210 3490 spuit
226 3418 256 3471 et
271 3411 371 3472 cuens
392 3419 522 3491 spretum
536 3431 622 3471 mmm
636 3410 800 3472 domninam
820 3419 980 3492 sectaeque
1002 3430 1060 3472 esse
1082 3410 1247 3490 despectam

129 3500 286 3579 assumptis
308 3497 367 3573 hes,
390 3501 487 3579 iisque
509 3501 620 3580 paucis,
644 3499 695 3582 qui
715 3520 782 3562 eum
796 3499 878 3583 sequi
890 3498 1049 3571 coluerunt,
1070 3499 1102 3560 in
1117 3497 1248 3560 Scottum

128 3605 274 3668 repressus
297 3599 337 3649 est
359 3591 457 3666 (Beda
479 3591 507 3649 h.
531 3611 556 3649 e.
581 3591 609 3663 3,
627 3591 677 3663 26,
703 3591 720 3668 ξ
739 3591 825 3667 236),
849 3591 901 3649 sed
923 3591 988 3668 ipse
1011 3609 1064 3649 rex
1087 3596 1130 3663 et,
1155 3590 1207 3666 qui
1229 3609 1247 3646 a

130 3676 273 3736 Colmano
297 3683 442 3739 steterant
464 3680 495 3737 in
511 3679 632 3756 synodo,
649 3678 732 3738 (ledd
754 3681 910 3758 episcopus
934 3687 964 3740 66
979 3679 1073 3738 Hilda
1096 3679 1248 3738 abbatissa

129 3764 284 3825 Scotorum
315 3767 441 3843 vestigia
470 3767 656 3845 reliquerunt
683 3768 724 3844 (h.
748 3789 772 3826 e.
799 3769 827 3841 3,
852 3765 904 3840 26,
927 3770 945 3845 ξ
970 3769 1047 3844 236)
1076 3776 1106 3826 66
1135 3767 1249 3842 ubique

128 3855 160 3913 in
183 3854 343 3913 Britannia
365 3875 466 3914 omnes
481 3855 577 3933 Angli
599 3857 683 3916 brevi
705 3862 839 3934 tempore
863 3856 900 3915 ad
921 3856 1123 3916 Romanorum
1147 3855 1246 3913 amici·

129 3943 203 4002 tiam
226 3965 256 4003 se
280 3945 470 4002 contulerunt
492 3950 523 4002 et
545 3946 604 4023 ipsi
620 3944 710 4015 Scoti,
735 3946 787 4022 qui
809 3945 890 4004 inter
904 3943 1022 4022 Anglos
1045 3945 1247 4015 morabantur,

129 4040 180 4092 aut
209 4051 315 4091 omues
345 4030 487 4093 dedamus
514 4029 660 4094 Renum
687 4042 739 4092 out
767 4052 852 4093 mecm
880 4033 1029 4094 reductum
1054 4033 1096 4093 od
1112 4031 1248 4113 patmum

128 4122 169 4198 (h.
193 4140 218 4195 e,
243 4122 272 4194 3,
297 4121 347 4195 28,
371 4122 390 4200 ξ
414 4122 500 4198 244).
546 4123 612 4196 Quo
634 4124 827 4196 factumest,
857 4129 892 4181 66
915 4129 1044 4200 quatuor
1071 4123 1156 4182 annis
1179 4126 1248 4200 post

130 4212 273 4288 synodum
293 4203 624 4270 ¹Strenaeshalchensem
649 4211 833 4286 Theodorus,
855 4212 1093 4290 archiepiscopus
1116 4211 1246 4271 (lautus-

129 4301 239 4375 rensis,
262 4300 359 4360 Roma
382 4299 488 4359 missus
515 4301 606 4377 (668)
629 4306 745 4360 tantam
774 4301 859 4360 brevi
888 4307 1021 4379 tempore
1051 4301 1082 4360 in
1113 4301 1250 4360 omnibus
