3024 4920
557 243 593 251 ..
645 210 712 267 115?
755 244 792 253 ..-

116 388 263 464 grinandi,
280 409 368 466 quam
384 388 577 467 praedicandi
592 387 739 464 evangelii
755 409 843 447 causa
855 389 886 447 in
894 387 1086 448 Germaniam
1099 391 1233 450 venisse?

117 475 168 536 An
192 477 272 535 dicas
297 478 341 539 St.
357 476 478 536 Gallum
501 499 605 537 revera
628 476 777 536 sodomae
798 475 945 537 laborasse
966 477 997 538 ia
1014 479 1234 560 praedicatiore

116 559 272 647 evangelii?
294 567 392 645 Atqui
415 571 491 626 teste
507 567 570 626 vita
593 570 664 642 ejus,
688 571 805 625 centum
829 569 915 625 annis
929 576 998 645 post
1022 571 1093 643 ejus⁴
1108 575 1241 628 mortem-

117 657 285 734 consoripta
315 659 364 732 (of.
386 657 536 732 Rettberg
559 655 602 729 Π,
633 677 662 733 p.
686 655 750 732 40).
795 656 858 716 Nec
888 663 988 715 tamen
1019 677 1055 716 ex
1084 657 1136 716 illa
1167 658 1233 736 ipsa

114 746 178 805 vita
207 765 267 802 non
304 753 442 824 apparet,
474 744 518 803 St.
551 744 671 803 Gallum
700 744 800 821 potius
835 745 1010 804 monachum
1042 747 1232 824 peregrinum

114 833 204 893 fuisse
215 887 217 890 .
228 855 316 910 quam
332 835 505 911 apostolum,
529 841 560 892 et
575 834 781 911 suspicandum
806 840 851 892 est
866 833 910 894 St.
928 832 1056 908 Gallum,
1072 835 1233 896 Columbae

117 924 300 999 discipulum,
324 924 369 982 illi
392 923 563 982 similiorem
585 924 689 995 fuisse,
713 943 802 998 quam
825 923 905 982 vitae
927 923 1007 982 illius
1035 931 1139 984 auctor
1161 932 1245 985 tunc*

114 1013 256 1090 temporis
276 1015 339 1088 jam
363 1012 437 1071 scire
461 1013 568 1090 potuit.
601 1012 642 1071 Et
665 1012 826 1071 Kilianus?
853 1013 904 1072 Nil
927 1033 1022 1090 paene
1045 1013 1081 1072 de
1105 1034 1139 1073 eo
1164 1035 1243 1073 com.

115 1100 200 1160 stat.¹
247 1101 279 1161 Si
310 1102 389 1161 vitae
425 1105 487 1177 ejus
515 1102 606 1177 (aab.
630 1100 678 1174 II,
709 1122 777 1160 ann.
803 1102 880 1174 689,
909 1122 938 1178 p.
964 1102 1035 1160 aaa
1052 1104 1120 1161 c.-3
1145 1109 1175 1162 et
1198 1104 1231 1180 4)

113 1190 193 1250 fides.
208 1191 313 1250 haberi
346 1198 459 1269 posset,
489 1190 573 1249 nobis
603 1190 769 1267 putandum
802 1197 892 1263 esset,
923 1211 990 1248 eum
1012 1191 1140 1250 Romam
1162 1212 1231 1270 pro·

113 1281 223 1338 fectum
246 1280 284 1338 ab
312 1280 450 1358 episcopo
473 1279 608 1338 Romano
637 1275 780 1338 &omrem
806 1278 1005 1358 praedicandi
1030 1281 1151 1357 petiise,
1180 1279 1231 1341 sed

113 1367 217 1428 fictum
238 1370 293 1427 hoo
317 1388 380 1427 esse
402 1370 465 1428 fere
487 1389 590 1428 omnes
606 1369 770 1446 evangelici
785 1369 983 1429 consentiunt.
1013 1369 1092 1430 Nam
1116 1390 1150 1430 ea
1165 1370 1233 1449 ipsa

113 1478 146 1517 re
170 1455 253 1517 Secti
276 1457 461 1534 evangelium
488 1458 695 1536 praedicantes
722 1458 760 1516 ab
784 1455 894 1535 Anglia
920 1457 1031 1518 diversi
1058 1459 1148 1518 fuisse
1175 1479 1230 1537 pu·

112 1554 230 1620 tantur,
262 1548 341 1624 quod
370 1547 496 1606 Romam
527 1547 615 1606 adire·
640 1547 816 1619 omiserunt,
847 1552 1007 1622 antequam
1037 1567 1111 1625 opus
1146 1566 1232 1607 ertum

112 1637 285 1715 inciperent.
317 1635 376 1696 Sed
405 1637 485 1695 haud
508 1637 567 1695 scio
592 1657 630 1693 an
653 1636 690 1694 de
712 1642 777 1694 tota
799 1634 855 1694 hac
877 1656 910 1693 re
933 1636 1024 1694 aliter
1045 1637 1231 1696 sentiendum

113 1727 160 1786 sit.
198 1725 348 1802 Equidem
370 1725 444 1782 mihi
466 1724 600 1802 persuasi
623 1726 713 1783 etiam
728 1745 771 1782 ea
795 1723 831 1782 de
854 1744 943 1782 causa
966 1725 1003 1783 de
1026 1725 1123 1785 Sectis
1146 1746 1244 1804 prae·¹

112 1813 255 1872 dicaturis
270 1813 397 1871 Romam
412 1813 599 1872 venientibus
615 1813 773 1872 memoriae
796 1813 871 1871 nihil
894 1814 968 1873 certi
990 1815 1142 1892 proditum
1159 1835 1230 1888 ease,

114 1901 185 1978 quia
208 1901 252 1958 illi
275 1900 369 1978 magis
392 1903 611 1978 peregrinaturi
642 1923 731 1979 quam
758 1903 961 1979 praedicaturi
983 1903 1014 1961 in
1038 1902 1229 1962 Germaniam

112 1990 280 2050 veniebant
327 1991 441 2064 Quodsi
468 1991 612 2060 Kilianus
638 1991 734 2067 magis
762 1990 955 2068 praedicandi
986 2011 1074 2068 quarn
1096 1993 1229 2071 peregri·

112 2077 203 2137 nandi
226 2078 324 2138 studio
348 2087 511 2139 commotus
533 2081 565 2139 in
588 2077 934 2152 Germaniam-venerit,
964 2081 1044 2139 haud
1067 2082 1158 2140 sciam
1190 2102 1245 2140 ant-

110 2168 238 2226 Romam
260 2170 410 2246 profectus
433 2169 481 2228 sit.
526 2169 603 2229 Nam
627 2189 692 2227 cum
716 2168 862 2228 Columba
884 2169 1089 2230 Luxoviensis
1112 2171 1229 2249 etipse

110 2257 236 2316 Romam
267 2257 350 2316 adire
379 2259 506 2335 cupierit
536 2264 566 2318 et
595 2259 681 2337 papis
710 2263 894 2335 potestatem.
919 2259 1094 2318 attribuerit
1129 2259 1243 2321 omnies

110 2344 279 2416 ordirsandi,
303 2342 408 2406 bellum
429 2345 607 2418 imtducadi,
631 2347 718 2407 damea
732 2345 878 2406 enodandi
893 2392 899 2406 .
915 2391 922 2405 .
939 2391 946 2406 .
962 2346 1054 2407 aaem
1067 2347 1232 2407 imtrneada‘

110 2438 168 2514 (ep.
193 2433 223 2506 4,
249 2435 284 2494 cf.
308 2455 398 2514 snpra
420 2456 449 2513 p.
475 2439 539 2512 97),
562 2437 647 2495 nobis
670 2457 730 2495 non
753 2436 823 2494 licet
850 2436 948 2494 dicere
972 2435 1076 2495 Scotos
1099 2436 1228 2494 solitos

109 2524 334 2583 esseRomam
357 2543 417 2582 non
440 2525 597 2602 proficisci,
626 2523 801 2601 praesertim
830 2544 895 2589 curn
926 2524 1106 2597 nesciamus,
1129 2544 1228 2583 nonne

107 2613 249 2672 Kilianus
272 2620 302 2672 et
325 2613 377 2670 alii
399 2613 431 2671 in
453 2613 578 2671 australi
593 2612 758 2670 Hiberniae
776 2617 866 2689 parte
889 2613 954 2671 nati
977 2613 1096 2672 fuerint.
1135 2613 1227 2672 Certo

108 2722 167 2760 non
196 2702 351 2774 habemus,
381 2703 460 2778 quod
490 2710 628 2780 putemus
658 2700 855 2774 Bonifatium,
886 2701 911 2760 si
942 2722 1016 2779 quos
1047 2703 1151 2762 Scotos
1181 2703 1242 2760 in-·

107 2789 350 2851 veneriamediis
372 2791 410 2850 iu-
426 2792 551 2869 paganis
578 2796 747 2863 versantes,
777 2810 878 2849 eorum
909 2790 1018 2848 auxilio
1049 2791 1080 2849 in
1109 2791 1237 2869 praedi·

108 2882 200 2940 cando
224 2880 378 2956 evangelio
400 2882 448 2940 uti
470 2902 529 2939 nou
553 2880 684 2959 potuisse
707 2887 832 2957 propter
852 2899 965 2936 morum
981 2879 1029 2937 vel
1043 2879 1114 2938 fidei
1129 2880 1226 2940 diver·

107 2970 225 3029 sitatem
248 2969 310 3041 vel,
329 2969 398 3045 quia
422 2971 576 3048 episcopos
590 2969 742 3028 Romanos
765 2988 802 3026 ne
822 2967 918 3025 dicam
934 2967 1122 3045 despicerent
1146 2969 1257 3027 certes

107 3058 228 3117 minoris
243 3058 452 3118 aestimarent.
498 3055 558 3116 Sed
581 3057 700 3116 omnino
723 3057 760 3115 de
776 3054 874 3115 Sectis
898 3057 1083 3132 evangelium
1107 3057 1240 3136 praedi-⁴¹

106 3148 243 3208 cantibus
266 3154 385 3224 praeter
400 3169 442 3221 ea,
460 3168 535 3225 quae
551 3146 850 3217 commemoravimus,
874 3166 928 3224 pro
944 3153 1023 3204 certo
1040 3149 1082 3204 nil
1098 3155 1224 3208 constat.

105 3236 209 3313 Neque
233 3242 333 3314 potest
355 3236 497 3310 dubitari,
521 3236 593 3313 quin
616 3238 712 3311 major
733 3255 805 3312 par-s
828 3234 997 3307 Scotorum,
1026 3237 1103 3311 qnia·
1119 3237 1224 3295 mediis

105 3325 136 3383 in
165 3325 292 3404 paganis
317 3325 367 3399 „in
399 3326 524 3384 desertis
555 3325 675 3384 sedere“
710 3344 770 3382 non
799 3330 952 3400 poterant,
983 3325 1060 3382 tales
1088 3325 1224 3401 regiones

104 3415 234 3493 petierit,
259 3434 334 3491 quae
358 3415 550 3474 christianam
573 3413 660 3472 fidem
681 3416 744 3487 jam
768 3420 967 3490 susceperant.
1013 3412 1121 3488 Itaque
1145 3433 1242 3471 nunc=

105 3502 141 3561 de
165 3503 201 3561 iis
218 3503 372 3562 dicendum
397 3510 450 3577 est,
475 3505 527 3582 qui
542 3502 697 3580 sicutipse
712 3501 858 3562 (lolumba
881 3501 912 3559 in
928 3521 1022 3575 regno
1039 3501 1222 3561 Francorum
1239 3535 1242 3540 ·

104 3592 273 3650 manebant.
343 3635 346 3642 .
1034 3662 1036 3665 Ι

144 3728 146 3731 .
194 3680 260 3754 Qua
291 3679 322 3737 in
352 3701 384 3738 re
415 3685 453 3741 ab
476 3682 541 3759 ipso
565 3681 709 3742 Oolumha
741 3700 815 3738 cumr
836 3679 989 3738 Bonifatio
1022 3681 1240 3756 comparando«

105 3771 258 3827 exordium
276 3769 434 3847 capiamus.
464 3772 631 3848 Utrumque
647 3769 787 3829 ecclesiae
803 3767 976 3827 Gallicanae
997 3775 1108 3828 statum
1125 3789 1221 3826 emen·

176 3963 186 3993 ¹
206 3960 248 4014 Cf.
260 3960 459 4025 Wattenbach,
474 3959 755 4030 Gesohichtsquellen
769 3958 792 4023 Ι,
807 3976 834 4028 p.
847 3959 897 4013 103
916 3962 975 4012 not.
988 3959 1004 4010 2
1022 3961 1052 4012 et
1063 3957 1219 4023 Ddrnrnler,

102 4032 304 4101 Forschungen
317 4050 367 4084 zur
380 4033 536 4086 deutschen
549 4031 720 4086 Gesohichte
733 4030 785 4096 VI,
800 4048 827 4098 p.
841 4031 891 4084 116
905 4048 964 4098 sqq.
988 4029 1220 4083 Vetustissimum

103 4109 205 4168 autem,
226 4103 302 4171 quod
315 4107 414 4170 exstat,
428 4105 463 4158 de
474 4103 589 4157 Kiliano
603 4102 795 4156 testimonium
808 4107 958 4171 utrumque
972 4100 1058 4170 fugit;
1077 4101 1221 4154 invenitur

104 4176 178 4228 enim
197 4173 308 4228 Kiliani
327 4192 428 4229 nomen
448 4176 478 4228 in
496 4172 674 4228 Kalendario
687 4173 787 4227 Karoli
800 4172 905 4249 Magni,
927 4172 1002 4240 quod
1022 4189 1162 4224 annexum
1176 4177 1220 4224 est

103 4247 256 4300 clarissimo
276 4246 320 4298 illi
339 4246 488 4313 evangelio
508 4244 691 4300 Godessoaloi
710 4261 783 4298 anno
803 4243 853 4298 781
876 4244 1046 4310 conscripto,
1068 4242 1102 4295 ef.
1122 4241 1217 4311 Piper,
1302 4272 1304 4276 >

103 4316 188 4370 Karls
208 4318 255 4370 des
276 4317 401 4372 Grossen
419 4316 624 4372 Kalendarium
643 4318 701 4370 und
723 4314 1024 4370 &tartarei-1858.
1043 4332 1071 4382 p.
1085 4314 1128 4368 26.

968 4402 1004 4455 8*
