3024 4920
715 170 946 234 ,-55-

280 348 491 425 (596-613),
522 346 574 424 qui
604 346 795 406 Childeberto
825 346 905 426 patri
935 346 966 404 in
999 346 1175 424 Burgundia
1206 353 1395 421 successerat,

283 436 445 498 Columbae
468 442 592 514 propter
615 456 683 494 sues
703 469 745 480 -
766 436 859 513 ipsius
882 433 1115 494 Theoderici-
1132 455 1179 494 res
1199 438 1261 511 jam
1284 436 1396 496 dudum

279 526 415 586 inimicus
447 545 512 583 eum
544 524 750 603 comprehendi
777 526 867 600 jussit
893 530 924 583 et
946 545 1000 601 per
1021 524 1154 600 Ligerim
1176 525 1405 585 Nannetensem

279 617 311 674 in
338 615 443 674 urbem
470 619 706 690 transportatum
730 614 761 672 in
783 614 913 691 patriam
935 613 1145 672 remittendum
1168 614 1291 674 curavit.
1336 613 1396 674 Sed

278 704 423 764 Columba
452 702 524 762 data
554 702 688 779 fugiendi
716 703 857 761 facultate
885 702 951 779 ipsa
973 702 1157 762 Nannetensi
1178 704 1253 762 urbe
1277 705 1396 782 elapsus

278 793 316 853 ad
332 791 570 851 Theodebertum
586 791 629 864 ΙΙ,
652 791 828 851 Austrasiae
850 811 958 867 regem,
980 791 1103 850 fratrem
1127 791 1312 865 Theoderici,
1327 813 1395 869 per·

277 882 361 942 venit
395 887 426 940 et
461 882 498 939 ab
533 900 568 938 ee
599 886 778 957 potestatem
810 881 924 957 accepit
954 879 1110 939 habitandi
1142 886 1173 939 et
1203 881 1397 958 praedicandi

279 970 469 1047 Brigantiae,
498 969 530 1028 in
553 970 627 1027 urbe
650 970 816 1029 Helvetiae.
862 967 937 1027 Inde
960 968 1057 1028 tribus
1079 976 1148 1046 post
1171 970 1257 1028 annis
1279 970 1397 1030 insidiis

279 1058 455 1118 Theoderici
486 1059 591 1117 cedens
619 1057 695 1117 abiit
722 1059 753 1117 in
776 1057 896 1117 Italiam
918 1058 1020 1134 ibique
1042 1058 1200 1118 Bcbiensis
1223 1060 1398 1119 monasterii

277 1150 315 1208 ab
339 1149 405 1227 ipso
421 1147 533 1206 conditi
553 1148 667 1224 primus
681 1148 774 1207 abbas
789 1167 867 1206 anuo
885 1146 957 1219 615,
980 1153 1015 1205 51
1029 1147 1158 1221 videtur,
1181 1146 1244 1207 vita
1260 1147 1396 1209 decessit.

366 1237 451 1296 Haec
478 1236 515 1294 de
538 1236 600 1296 vita
623 1235 793 1295 Columbae.
831 1237 878 1294 De
901 1235 1033 1295 moribus
1056 1240 1119 1311 ejus
1143 1236 1214 1313 quid
1237 1236 1396 1296 dicendum

276 1327 325 1400 sit,
349 1325 443 1403 magis
465 1331 567 1384 nostra
589 1325 723 1384 interest.
740 1360 781 1371 —
798 1325 857 1399 Qui
881 1331 978 1384 essent
993 1324 1149 1384 Scotorum
1165 1345 1260 1384 meres
1280 1326 1396 1402 proprii

276 1416 308 1475 in
331 1414 475 1474 Columba
506 1420 537 1473 et
566 1413 598 1472 in
627 1414 714 1473 sociis
742 1417 805 1490 ejus
827 1413 912 1473 brevi
935 1414 1089 1491 apparuit,
1120 1435 1189 1472 nam
1211 1411 1395 1474 Scotieomms

276 1502 456 1564 tralationem
478 1501 674 1562 1555555555
697 1510 872 1562 consectator
894 1523 953 1561 nen
973 1503 1037 1562 sine
1052 1503 1153 1579 aliquo
1167 1506 1234 1578 Jure
1250 1502 1396 1562 Columba

276 1592 443 1671 appellatus
455 1591 544 1651 estin
556 1592 655 1650 codice
668 1591 795 1668 quodam
807 1598 925 1651 vetuste
938 1591 1125 1668 Sangallensi
1137 1591 1258 1667 (Greith
1269 1613 1297 1670 p.
1308 1592 1396 1670 295).

277 1681 336 1743 Sed
361 1680 479 1758 quando
503 1681 705 1739 controversia
727 1680 764 1740 de
788 1680 944 1740 Scotorum
966 1681 1099 1740 moribus
1120 1681 1152 1739 in
1169 1680 1267 1740 Gallia
1290 1687 1396 1740 exorte

276 1771 324 1843 sit,
348 1770 515 1829 accuratius
538 1769 654 1828 definiri
677 1788 737 1828 nen
759 1776 866 1847 petest.
911 1769 1045 1828 Primum
1069 1771 1287 1830 controversiae
1310 1771 1396 1830 testi·

276 1858 407 1919 menium
431 1858 561 1918 occurrit
583 1858 668 1917 nobis
691 1858 788 1935 prima
812 1859 855 1936 [et
877 1878 944 1931 nna,
969 1878 1044 1935 quae
1064 1858 1104 1917 ad
1118 1865 1250 1918 nostram
1266 1849 1397 1918 aetatem

275 1947 450 2028 permansit]
475 1946 635 2007 Columbae
659 1947 787 2024 epistula
810 1947 848 2007 ad
864 1945 1043 2025 Gregorium
1057 1948 1197 2025 Magnum
1221 1947 1318 2021 missa,
1342 1948 1397 2007 sed

277 2058 335 2114 quc
358 2043 493 2115 tempere
515 2036 568 2094 illa
584 2037 752 2114 conscripta
767 2036 814 2109 ait,
838 2037 992 2108 nescimus,
1017 2038 1153 2114 quamvis
1168 2037 1329 2096 verisimile
1345 2037 1395 2110 sit,

275 2147 340 2185 eam
371 2125 586 2202 posterioribus
616 2126 717 2202 petius
740 2124 880 2202 Gregorii
910 2126 995 2184 anuis
1023 2132 1175 2184 exaratam
1198 2146 1273 2198 esse,
1305 2146 1397 2203 quam

276 2214 452 2292 prioribus.1
490 2213 615 2272 Publice
645 2214 751 2273 deinde
781 2214 936 2273 duodecim
959 2215 1044 2273 annis
1067 2222 1136 2291 pest
1158 2214 1319 2273 Columbae
1346 2213 1399 2289 „in

276 2308 422 2362 eremum“
449 2302 609 2361 adventum
634 2303 692 2380 (ep.
717 2304 745 2375 2,
767 2302 849 2361 Bibl.
872 2322 948 2361 max.
972 2302 1048 2376 XII,
1071 2325 1100 2380 p,
1125 2303 1166 2360 25
1184 2301 1224 2379 G)
1249 2339 1291 2348 -
1314 2324 1396 2363 anno

277 2393 341 2451 602
365 2393 412 2451 vel
437 2392 510 2464 603,
533 2397 567 2451 ut
589 2391 717 2464 videtur,
743 2425 781 2436 —
807 2391 838 2448 in
861 2391 973 2467 synode
997 2391 1142 2469 quadam⁹
1164 2400 1264 2451 actum
1288 2399 1334 2451 est
1357 2393 1397 2452 de

276 2480 484 2540 controversia.
521 2478 573 2538 Ad
594 2500 682 2557 quam
698 2481 842 2556 synodum
857 2479 1003 2539 Columba
1018 2500 1083 2546 cum
1098 2481 1162 2558 ipse
1177 2481 1277 2540 venire
1292 2482 1396 2555 nollet,

274 2587 310 2628 ne
324 2567 407 2649 ferte
429 2567 608 2628 555115ιά5551
623 2588 765 2648 praeseus
788 2577 889 2628 cerere
911 2567 1037 2651 apostoli
1050 2568 1161 2630 51151555
1177 2568 1312 2630 meme.-
1333 2567 1397 2631 noli

274 2655 367 2717 555615
397 2655 565 2718 contendere
595 2658 654 2735 (ep.
679 2660 711 2729 2,
735 2680 763 2735 p.
788 2658 829 2716 25
853 2659 910 2733 H),
940 2659 1059 2736 scripsit
1088 2659 1127 2718 ad
1156 2665 1257 2737 patres
1288 2659 1394 2737 synodi

275 2746 439 2828 epistelam,
464 2766 539 2823 quae
563 2751 662 2806 exstat
684 2747 813 2805 secunda
836 2745 927 2822 (Bibl.
951 2768 1027 2806 max.
1043 2747 1119 2821 XII,
1142 2767 1171 2824 p.
1196 2748 1237 2806 24
1262 2751 1346 2825 sqq).

363 2835 429 2895 Has
452 2835 526 2893 duas
549 2836 698 2914 epistolas,
721 2835 801 2894 illam
825 2836 864 2894 ad
880 2834 1058 2912 Gregorium
1082 2842 1112 2895 et
1133 2836 1209 2896 hene
1233 2837 1271 2897 ad
1292 2841 1394 2915 patres

275 2925 380 3003 synodi
402 2924 534 2997 missam,
565 2944 631 2982 cum
655 2925 860 2999 conscriberet,
884 2924 1046 2984 Columbae
1068 2925 1198 2984 nondum
1221 2925 1396 3005 persuaderi

274 3018 395 3092 poterat
416 3011 571 3071 Gallorum
600 3012 769 3071 celebrandi
791 3013 859 3072 festi
881 3015 1028 3092 paschalis
1051 3034 1162 3074 morem
1184 3034 1310 3092 pravum
1334 3034 1397 3074 nen

348 3205 358 3236 ¹
378 3202 524 3257 Greithius
545 3202 585 3271 (p.
599 3202 664 3272 266)
684 3202 822 3271 epistulae
842 3207 966 3257 aetatem
984 3204 1104 3258 indicari
1123 3209 1206 3273 putat
1224 3221 1396 3261 commemo·

275 3279 338 3330 rato
364 3292 381 3328 a
406 3272 543 3328 Columba
563 3272 691 3327 Candido
716 3275 883 3342 presbytero
911 3292 928 3328 a
947 3274 1085 3344 Gregorio
1106 3277 1136 3329 in
1155 3276 1279 3332 Galliam
1297 3277 1393 3342 misso,

276 3347 325 3401 sed
351 3349 380 3399 et
400 3344 543 3400 Candidus
567 3349 632 3413 pest
650 3363 754 3398 annum
773 3346 888 3400 circiter
906 3346 957 3401 595
981 3345 1028 3415 (ef.
1050 3346 1135 3416 Greg.
1156 3347 1200 3402 ad.
1222 3347 1324 3412 Cand3
1344 3364 1394 3416 ep.

276 3418 319 3471 ed.
339 3417 446 3471 Bened.
466 3415 505 3480 Π,
526 3432 553 3484 p.
568 3416 633 3485 796)
653 3417 812 3486 complures
831 3435 918 3470 annes
936 3417 965 3470 in
986 3416 1080 3473 Gallia
1098 3419 1265 3472 versabatur
1285 3419 1333 3487 (ci.
1347 3434 1394 3488 ep.

276 3487 362 3555 Greg.
383 3487 427 3541 ad.
449 3487 552 3551 Cand.;
572 3503 616 3554 op.
636 3486 677 3553 H,
700 3506 727 3556 p.
750 3487 830 3556 1171)
855 3492 891 3553 51,
918 3489 1145 3558 quotmensibus
1164 3490 1399 3558 velannispost

276 3558 352 3612 illius
372 3558 523 3611 adventum
542 3558 664 3625 epistula
678 3557 832 3612 Columbae
851 3559 958 3627 scripta
976 3559 1021 3624 511,
1041 3561 1071 3614 15
1090 3562 1202 3615 5555115
1222 3562 1301 3615 latet.
1335 3559 1398 3615 Sed

274 3628 446 3683 Laurentius
466 3629 678 3695 Cantuarensis,
705 3629 759 3682 uisi
783 3631 917 3684 mentitus
941 3634 984 3684 551
1003 3631 1095 3699 (Beda
1113 3633 1141 3686 h.
1161 3650 1185 3687 e.
1206 3634 1232 3700 2,
1251 3632 1276 3699 4,
1297 3632 1313 3702 fi
1334 3631 1394 3701 98),

275 3701 310 3755 (15
330 3699 467 3754 Columba
492 3717 548 3753 non
572 3701 682 3754 audivit
704 3701 761 3755 nisi
784 3705 968 3771 postquam
992 3702 1125 3756 Britones
1149 3704 1296 3772 cognovit,
1322 3719 1396 3772 erge

275 3776 340 3840 pest
364 3789 468 3825 annum
490 3770 541 3825 597
564 3772 609 3826 vel
634 3771 728 3840 potius
751 3774 811 3839 6013
839 3772 922 3842 quod,
951 3790 1014 3826 oum
1036 3773 1294 3844 frequentissimum
1317 3791 1398 3829 com·

274 3843 411 3897 mercium
429 3846 496 3896 tunc
516 3841 603 3895 fuerit
620 3844 696 3896 inter
708 3844 885 3897 Britanniam
904 3848 933 3896 51
947 3843 1069 3898 Galliam
1088 3850 1118 3899 51
1130 3845 1260 3910 Romam,
1280 3849 1310 3900 51
1328 3863 1398 3900 oum

275 3913 331 3981 ipsi
351 3912 478 3967 Candido
498 3931 562 3967 oum
573 3913 734 3982 Augustino
754 3915 949 3968 etLaurentie
969 3917 1143 3970 consuetude
1164 3917 1259 3982 fuerit,
1279 3917 1399 3972 videtur

275 3983 415 4049 indicare,
441 3985 663 4039 controversiam
682 3987 761 4039 illam
779 3987 827 4040 vix
845 3990 910 4040 ante
931 3988 1059 4040 exeuntis
1078 3989 1182 4042 saeculi
1200 3993 1312 4056 tempus
1332 4005 1398 4043 esse

274 4059 372 4108 ortam.

348 4125 359 4157 ²
383 4125 465 4179 Hanc
496 4126 634 4194 synodum
662 4127 883 4197 intellegendam
912 4144 972 4181 esse
1000 4130 1137 4196 synodum
1164 4131 1400 4187 Cabillenensem
1423 4137 1426 4141 ’

275 4195 342 4249 anni
361 4195 413 4251 603
433 4198 596 4265 conjectura
615 4200 795 4267 sagacissima
815 4199 944 4267 opinatus
964 4203 1007 4253 est
1020 4200 1167 4256 Hertelius
1180 4234 1214 4242 —
1227 4202 1401 4259 Zeitschrift

204 4326 209 4333 ‚
274 4266 613 4337 f.Kirchsngesch.111,
634 4285 662 4336 p.
683 4270 734 4325 148
754 4288 813 4339 sqq.
