3024 4920
645 204 864 260 ..57-

284 380 357 454 Sed,
381 379 517 457 quamvis
539 380 725 458 repudianda
743 380 786 439 sit
809 380 882 439 haec
905 379 1009 440 Skenii
1032 380 1194 452 sententia,
1217 385 1317 439 tamen

192 469 413 532 observandum
436 474 489 542 est,
515 489 603 546 quam
627 489 715 546 saepe
738 476 876 529 occurrat
898 469 979 547 apud
1001 466 1107 529 Scotos
1130 466 1179 528 Sti
1193 467 1317 528 Martini

193 579 301 618 nomen
327 559 374 635 (cf.
391 557 520 617 Warren
543 558 598 616 loe.
621 558 652 615 in
675 557 772 617 indice
795 560 920 635 comm),
944 577 1033 634 quam
1049 562 1168 618 vetusta
1183 557 1223 616 sit
1238 556 1318 634 apud

192 667 244 706 eos
267 647 364 706 sancti
390 646 471 704 illius
498 646 651 706 veneratio
676 647 724 721 (cf.
747 646 855 719 Jonas,
878 646 931 706 vit.
956 645 1019 705 001.
1043 645 1121 707 Lux.
1143 646 1223 707 Mab.
1246 644 1318 705 Act.

184 734 249 802 88.
273 734 316 809 ΙΙ,
341 756 408 794 ann.
434 733 507 808 615,
533 734 583 806 44,
607 756 636 812 p.
661 735 712 808 23,
736 737 772 794 cf.
790 736 841 808 42,
864 756 893 813 p.
911 735 969 807 223
991 735 1160 808 Adamnan,
1184 735 1238 794 vit.
1255 734 1318 794 001.

193 824 311 884 Hiiens.
337 824 378 896 3,
391 825 441 896 90,
464 844 494 901 p.
519 825 604 900 229).
644 823 711 898 Qua
734 825 770 883 de
794 844 882 883 causa
905 823 1035 900 aliquam
1058 843 1188 899 unquam
1208 822 1318 882 Hiber·

195 914 242 972 nis
271 932 336 970 eum
360 911 407 971 Sti
429 912 553 971 Martini
576 912 755 972 monastario
778 912 1024 972 necessitudinem
1047 911 1137 971 fuisse
1159 933 1214 990 pro
1237 917 1318 971 certo

194 1001 365 1060 habendum
389 999 459 1061 est.¹
498 1000 557 1060 Sed
580 1001 677 1077 qualis
700 1003 748 1060 vel
772 1001 890 1079 quando
912 1001 1012 1074 fuerit,
1036 1000 1068 1058 in
1090 1001 1215 1060 obscuro
1235 1001 1319 1059 latet.

196 1090 337 1148 Fortasse
357 1093 420 1166 jam
443 1089 507 1168 ipse
529 1089 680 1150 Patricius
702 1090 734 1149 in
757 1090 858 1150 multis
881 1090 942 1150 suis
964 1089 1121 1149 itineribus
1144 1088 1235 1148 etiam
1258 1088 1319 1147 Tu·

195 1199 284 1238 rones
307 1179 398 1237 venit.
444 1179 522 1238 Nam
546 1178 611 1255 ipso
634 1178 766 1238 Patricio
790 1185 921 1239 testante
940 1182 1003 1255 jam
1026 1183 1097 1237 tuno
1120 1178 1152 1236 in
1172 1177 1320 1237 Hibernia
1395 1219 1399 1225 ·

193 1273 284 1326 erant
306 1265 442 1325 monachi
466 1273 497 1325 et
520 1267 651 1344 virgines
673 1267 787 1328 Christi
802 1267 970 1345 (Confessio
993 1289 1022 1346 p.
1048 1267 1111 1326 308
1134 1267 1176 1325 H.
1200 1265 1260 1325 and
1275 1264 1319 1326 St.

193 1355 240 1430 II,
264 1357 306 1433 2).
344 1355 461 1431 ltaque,
485 1355 542 1414 etsi
565 1376 649 1415 amor
671 1357 721 1415 ille
748 1356 829 1416 vitae
853 1357 1041 1435 monachicae
1064 1362 1095 1414 et
1110 1355 1320 1414 monachorum

194 1445 249 1504 illa
279 1443 426 1502 mirabilis
457 1445 620 1522 auotoritas
643 1444 768 1504 Patricii
798 1445 983 1524 temporibus
1014 1444 1045 1503 in
1069 1444 1218 1502 Hibernia
1241 1443 1321 1501 haud

195 1532 288 1591 dubie
312 1553 371 1592 non
392 1535 454 1608 jam
479 1538 552 1608 erat,
576 1540 677 1594 tamen
696 1537 759 1610 jam
782 1541 854 1594 tunc
876 1534 940 1595 vita
962 1533 1134 1593 monachice
1157 1533 1189 1590 in
1211 1532 1320 1590 Hiber·

197 1620 278 1680 niam
306 1622 452 1681 translata
478 1629 532 1681 est.
577 1623 655 1684 Nam
677 1643 732 1699 pro
756 1631 836 1684 certo
860 1628 996 1683 constare
1018 1642 1083 1682 earn
1106 1621 1226 1681 aliunde
1248 1621 1320 1680 alla-

195 1716 260 1769 tam
284 1710 402 1770 essein
417 1710 596 1769 Hiberniam
619 1731 704 1770 nemo
727 1711 785 1770 nisi
800 1712 955 1771 Ebrardus
971 1709 1012 1789 (p.
1032 1711 1108 1786 160)
1124 1709 1235 1770 infitias
1254 1708 1321 1769 ibit.

196 1799 265 1871 Qua
295 1798 331 1856 de
360 1818 447 1856 causa
475 1799 554 1857 vitae
582 1800 770 1860 monachicae
797 1800 959 1880 primordia
987 1799 1067 1877 apud
1089 1796 1196 1860 Sestos
1219 1798 1321 1857 eadem

196 1893 290 1963 atque
320 1887 393 1961 alibi
423 1906 482 1945 non
510 1907 573 1946 esse
601 1909 660 1947 non
688 1895 858 1966 potuerunt.
904 1887 964 1948 Sed
987 1894 1021 1947 ut
1044 1888 1103 1948 duo
1125 1886 1260 1965 germani
1283 1885 1321 1946 si·

199 1974 316 2032 millimi
337 1975 416 2032 inter
439 1997 470 2034 se
493 1975 524 2034 in
547 1977 677 2054 pueritia
700 1998 768 2037 suos
789 1978 923 2054 quisque,
947 1996 1013 2036 cum
1029 1975 1203 2048 adoleverit,
1226 1993 1322 2036 moras

197 2062 339 2135 ostendit,
361 2063 406 2121 ita
429 2071 460 2123 et
483 2062 638 2124 Scotorum
662 2066 725 2125 vita
748 2065 928 2125 monachica.

290 2151 370 2224 Quin
400 2152 490 2211 etiam
520 2152 598 2212 inter
627 2154 707 2231 ipsos
731 2153 835 2215 Scotos
865 2153 950 2214 varia
979 2151 1189 2212 monachorum
1212 2170 1323 2230 genera

197 2239 411 2317 distinguenda
441 2261 505 2301 esse
534 2263 594 2301 non
625 2244 719 2302 solum
750 2245 903 2321 catalogus
925 2241 1116 2315 Sanctorum,
1146 2241 1178 2300 in
1210 2260 1269 2317 quo
1292 2245 1323 2300 et

195 2330 320 2389 secundi
342 2334 373 2388 et
392 2330 476 2388 tertii
492 2332 605 2390 ordinis
621 2339 739 2392 sanctos
755 2331 885 2394 diuersas
899 2327 1015 2412 raycha
1030 2329 1168 2389 habuisse
1184 2330 1324 2388 dicuntur

195 2418 250 2493 (H.
274 2419 333 2479 and
357 2417 401 2477 St
424 2418 468 2492 II,
493 2421 521 2493 2,
544 2441 573 2499 p.
599 2422 662 2478 292
686 2425 744 2498 sq),
775 2421 860 2481 tastis
891 2427 948 2493 est,
980 2420 1032 2479 sed
1062 2419 1127 2497 ipsa
1149 2438 1196 2476 res
1218 2417 1322 2489 docet3

199 2507 294 2582 (aliud
309 2506 512 2567 testimonium
533 2510 613 2586 apud
624 2510 725 2582 Usser,
740 2509 867 2586 Antiqu.
880 2531 909 2587 p.
923 2509 1009 2585 919).
1041 2507 1179 2566 Omnium
1195 2507 1322 2565 maxime

197 2595 277 2654 inter
289 2616 319 2654 se
331 2594 509 2654 differebant
520 2617 613 2674 penus
626 2619 734 2671 eornm,
756 2598 850 2676 quiin
862 2596 1049 2657 monasteriis
1061 2594 1157 2656 madio
1169 2595 1201 2653 in
1211 2597 1322 2673 populo

195 2684 370 2744 constitutis
392 2685 486 2744 vitam
508 2693 631 2764 agentes
654 2687 828 2764 corrigendo
849 2687 960 2764 populo
976 2705 1096 2763 operam
1112 2684 1264 2743 navabant
1280 2719 1322 2730 -

195 2772 230 2831 hi
260 2773 402 2832 simillimi
432 2775 606 2852 posterioris
633 2777 776 2855 temporis
803 2775 952 2835 canonicis
978 2808 1016 2818 -
1042 2780 1073 2833 et
1095 2793 1188 2850 genus
1212 2792 1322 2845 aarum,

197 2861 252 2940 qui
282 2863 470 2922 eremitarum
502 2884 584 2923 more
614 2865 741 2925 solitarii
772 2865 866 2923 vitam
894 2864 1033 2940 agebant.
1081 2860 1128 2920 De
1151 2860 1209 2919 illis
1233 2880 1323 2938 supra

200 2951 275 3011 satis
299 2957 344 3009 est
367 2951 561 3028 disputatum,
585 2952 622 3011 de
640 2953 691 3012 ·his
713 2971 808 3031 pauca
832 2951 948 3010 addam

289 3037 337 3096 Ac
367 3039 495 3116 primum
526 3039 645 3117 quidem
668 3041 765 3101 facere
788 3061 847 3100 non
870 3059 1005 3118 possum,
1036 3037 1108 3114 quin
1132 3035 1236 3096 Skanii
1259 3057 1323 3096 sen·

199 3126 326 3186 tentiam
347 3127 528 3205 impugnem,
552 3129 605 3207 qui
627 3130 684 3189 etsi
700 3150 759 3189 non
774 3137 865 3206 negat
888 3129 1049 3188 Columbae
1061 3130 1122 3204 jam
1139 3125 1324 3204 temporibus

197 3216 349 3276 exstitisse
365 3217 511 3291 eremitas,
535 3224 635 3277 tamen
651 3218 731 3297 apud
746 3219 829 3277 tertii
843 3218 961 3276 demum
977 3216 1088 3276 ordinis
1104 3222 1230 3287 sanctos,
1257 3211 1327 3295 „qui

197 3305 231 3364 a'u
254 3303 373 3365 desertis
399 3301 599 3379 bobdabaaffl,
622 3305 703 3366 illam
727 3307 847 3367 vivendi
870 3305 1016 3364 rationem
1039 3303 1220 3362 increbuisse
1235 3307 1325 3380 putat

198 3394 257 3471 (II,
280 3417 309 3474 p.
327 3395 390 3452 248
415 3399 502 3474 sqq.).
542 3394 635 3471 Oujus
658 3395 701 3454 rei
725 3415 791 3453 cum
813 3400 933 3472 praeter
957 3393 1124 3469 catalogum
1148 3390 1324 3450 Sanctorum

200 3485 314 3543 nullum
338 3490 436 3544 exstet
457 3485 660 3546 testimonium
677 3518 718 3529 —
734 3504 830 3560 neque
853 3503 944 3543 unum
966 3481 1041 3554 illud
1065 3479 1210 3559 expressis
1226 3478 1325 3539 verbis

203 3607 264 3614 ,ιι-

276 3660 286 3690 ¹
304 3657 413 3726 ltaque,
434 3675 498 3712 cum
518 3658 548 3711 iu
566 3657 627 3726 ipso
642 3657 800 3711 Turonensi
818 3655 992 3710 monasterio
1005 3653 1186 3708 inveniantur
1199 3651 1325 3722 episcopi

203 3729 417 3782 monasteriales
437 3728 598 3799 (Harttung
616 3745 644 3796 p.
665 3727 712 3797 34)
737 3743 829 3796 neque
848 3727 942 3781 desint
966 3725 1142 3789 testimonia,
1169 3723 1325 3792 exquibus

201 3801 292 3854 liceat
309 3799 448 3867 suspicari
466 3801 557 3853 multo
578 3799 766 3868 antiquiorem
785 3815 846 3852 esse
864 3799 895 3850 in
909 3797 1003 3854 Gallia
1020 3796 1103 3848 illum
1121 3811 1229 3849 morem
1241 3810 1326 3861 quam

203 3872 305 3940 prima,
326 3887 398 3939 quae
417 3869 607 3938 Harttungius
626 3870 743 3939 profert,
765 3870 825 3938 ejus
844 3870 974 3938 exempla
992 3866 1041 3937 (cf.
1060 3865 1207 3932 Harttung
1225 3880 1252 3931 p.
1267 3863 1325 3931 34),

204 3947 316 4001 tantum
335 3941 423 4006 abest,
443 3945 476 3994 ut
488 3945 567 3996 certa
579 3941 644 4006 sint,
665 3956 738 4010 quae
750 3940 942 4008 Harttungius
956 3940 991 3993 de
1005 3937 1115 4007 origine
1129 3936 1327 4017 episeopprum

203 4013 448 4068 monasterialium
468 4013 601 4082 opinatus
621 4015 675 4077 est,
696 4016 729 4066 ut
746 4012 833 4065 liceat
851 4016 960 4079 putare,
982 4009 1082 4063 Scotos
1101 4025 1118 4061 a
1136 4006 1226 4061 Gallis
1246 4006 1327 4088 illum

193 4101 314 4157 'rnorem
333 4101 400 4138 acce
422 4085 485 4137 isse.
518 4082 576 4137 Sed
594 4083 624 4137 in
642 4082 737 4136 medio
756 4082 847 4136 adhuc
867 4080 1052 4150 relinquenda
1069 4081 1112 4132 est
1124 4079 1194 4131 haec
1206 4080 1326 4160 questio,

202 4158 296 4212 donec
323 4154 384 4224 ipse
434 4155 607 4226 arttungius,
634 4154 683 4223 qui
701 4153 809 4222 primus
829 4153 988 4206 accuratius
1007 4150 1042 4204 de
1061 4149 1114 4203 hac
1134 4165 1165 4201 re
1185 4148 1326 4212 dissermt,

203 4229 251 4283 vel
271 4228 343 4282 alius
362 4226 476 4297 quidam
497 4224 624 4279 funditus
644 4224 828 4294 exquisiverit
846 4224 918 4278 hanc
931 4240 1000 4287 rem,
1021 4220 1111 4275 multo
1125 4219 1326 4282 difficiliorem,

201 4317 290 4370 quam
307 4302 341 4356 ut
358 4299 455 4368 paucis
475 4296 656 4366 dijudicetur.

1077 4379 1113 4435 5*
