3024 4920
646 196 863 253 ...28-

199 377 299 455 aliquo
319 379 387 452 jure
410 375 511 456 putari
533 381 633 454 potest
655 376 760 435 horum
775 374 932 434 Britonum
956 376 1110 455 episeopus
1127 377 1178 453 (H.
1195 376 1253 435 and
1269 376 1313 436 St.

197 467 216 525 l.
240 488 263 525 5.
287 465 385 525 Skone
407 464 450 539 H,
473 486 501 542 p.
526 467 590 541 29).

287 555 387 615 Ceteri
412 554 551 614 Britones
573 554 726 615 Romanae
756 555 895 614 ecclesiae
923 575 983 614 non
1005 556 1087 634 prius
1111 576 1199 632 quam
1222 576 1314 634 regno

197 643 365 722 Anglorum
396 643 519 703 adunati
547 651 623 704 sunt.
670 644 757 718 Quod
779 645 822 702 ita
849 646 982 703 futurum
1006 665 1067 704 esse
1091 645 1238 724 apparuit>
1250 649 1314 722 jam

197 755 274 793 anno
300 734 371 792 705.
409 733 475 807 Quo
499 754 576 793 anno
600 735 648 811 (of.
671 733 711 791 H.
734 733 793 792 and
816 732 860 792 St.
875 733 935 807 HI,
959 756 987 812 p.
1009 735 1086 812 268)
1110 755 1174 793 cum
1190 733 1315 793 Aldhel·

197 843 275 896 mus,
304 825 397 883 abbas
419 823 677 883 Malmesburensis
697 824 821 899 jubente
844 823 974 900 synodo1
996 825 1027 882 in
1049 824 1158 883 finibus
1180 824 1313 883 occiden-

198 913 302 971 talium
330 911 481 972 Saxonum
512 918 691 990 congregata
719 910 865 972 Geruntio
896 913 960 990 regi
982 913 1168 973 Damnouiae
1197 914 1314 973 litteras

198 1002 325 1062 misisset
348 1003 447 1078 (Jeffs,
471 1001 550 1062 Bibl.
570 1023 627 1061 rer.
645 999 744 1061 Germ.
761 1001 821 1075 ΠΙ,
845 1022 890 1079 ep.
909 1004 949 1078 1),
972 1002 1080 1078 quibus
1102 1004 1198 1080 ipsum
1214 1023 1313 1080 regem

197 1096 228 1151 55
242 1091 383 1151 Britones
407 1092 434 1151 ei
456 1091 590 1151 subditos
607 1091 744 1150 ecelesiae
759 1091 912 1150 Romanae
927 1091 1132 1150 reconciliaret
1149 1128 1186 1136 —
1205 1093 1313 1166 verbis,

197 1182 293 1254 credo,
316 1180 515 1261 asperioribus
539 1182 587 1256 (cl.
604 1181 713 1258 Brigbt
735 1201 764 1257 p.
781 1181 858 1258 421)
876 1217 917 1226 -
933 1181 1007 1240 adeo
1030 1202 1149 1258 operam
1172 1182 1313 1260 perdidit,

196 1275 231 1329 ut
260 1271 335 1329 nulli
357 1271 516 1328 Britonum
543 1270 643 1330 verbis
671 1273 733 1349 ejus
757 1271 997 1348 obtemperarent
1020 1270 1077 1329 nisi
1099 1271 1133 1343 ii,
1165 1271 1215 1348 qui
1239 1271 1313 1330 occi·

198 1359 367 1419 dentalibus
383 1358 550 1418 Saxonibus
571 1363 633 1436 jam
656 1360 782 1436 subjecti
806 1368 891 1418 erant
913 1361 943 1436 (i.
967 1382 990 1419 e.
1015 1361 1050 1434 ei,
1075 1361 1125 1436 qui
1145 1361 1315 1420 incolebant

74 1460 77 1465 '
196 1449 356 1526 regionem,
380 1449 427 1506 cui
449 1448 537 1507 hodic
551 1469 658 1508 nomen
674 1456 719 1509 est
734 1446 888 1520 85555555,
905 1449 989 1508 Beda
1003 1450 1031 1508 h.
1048 1471 1072 1508 e.
1090 1451 1117 1524 5,
1137 1451 1176 1509 18
1193 1451 1210 1528 ξ
1227 1451 1313 1526 410),

196 1538 218 1596 ii
242 1544 340 1598 autem
356 1538 495 1597 Britones
519 1538 570 1614 qui
592 1539 732 1598 libertate
756 1539 846 1598 etiam
869 1545 940 1598 tunc
962 1540 1139 1599 fruebantur
1159 1538 1313 1600 5555555555

196 1624 253 1686 sibi
278 1624 345 1688 odio
366 1635 479 1708 955555
501 1625 669 1710 Aoplorum
692 1636 717 1688 ot
739 1627 824 1688 totius
847 1624 977 1688 ecclcsiae
999 1637 1106 1688 statum
1124 1626 1237 1710 555555
1258 1627 1311 1688 im-

193 1735 328 1796 properare
350 1724 509 1794 pergerent
532 1717 627 1794 (Beda
650 1718 678 1775 h.
695 1739 718 1776 5.
737 1718 764 1791 5,
790 1718 831 1776 23
855 1720 872 1796 §
896 1718 975 1795 451)
997 1753 1034 1762 -
1053 1719 1145 1778 donec
1160 1719 1313 1795 Egbertus

197 1825 250 1863 rex
272 1806 358 1867 bellis
382 1826 458 1865 anno
482 1807 555 1879 813,
580 1807 654 1879 823,
679 1807 742 1864 825
767 1807 858 1883 gestis
873 1807 1071 1867 Damnoniam
1094 1828 1185 1886 regno
1209 1829 1261 1868 suo
1282 1814 1313 1867 et

191 1895 336 1955 'ecclesiae
360 1896 513 1955 Romanae
536 1897 673 1972 adjunxit
696 1896 767 1972 (vid.
790 1898 830 1955 H.
854 1897 912 1955 and
936 1896 979 1956 St.
1003 1898 1029 1971 Ι,
1052 1920 1080 1976 p.
1106 1898 1169 1957 673
1192 1901 1256 1975 sq.).

285 1984 429 2045 Similiter
450 1985 482 2045 in
498 1985 647 2060 Oambria,
670 1989 753 2061 cujus
775 1987 906 2065 episcopi
927 1989 989 2062 jam
1011 1987 1092 2047 intra
1115 2006 1223 2047 annum
1248 1986 1311 2045 755

196 2080 226 2134 et
250 2076 313 2134 809
338 2074 368 2134 vi
392 2075 487 2135 coacti
510 2075 727 2135 aSaxonibus²
748 2076 858 2154 partim
874 2075 1040 2135 Romanum
1062 2077 1172 2154 pascha
1192 2097 1310 2152 accepe·
1421 2144 1425 2151 .

195 2171 272 2237 rant,
296 2164 446 2224 schismati
469 2165 556 2224 simul
580 2186 645 2225 cum
665 2165 805 2224 libertate
826 2167 864 2224 ab
885 2165 987 2224 eodem
1002 2166 1136 2241 Egberto
1152 2185 1229 2223 anno
1246 2165 1309 2221 816

194 2253 261 2312 finis
284 2254 439 2331 impositus
460 2260 512 2312 555.

251 2334 253 2338 ’
283 2343 331 2401 Ex
346 2344 392 2402 bis
407 2343 543 2402 omnibus
560 2362 625 2401 oum
642 2347 786 2420 appareat
801 2342 1033 2401 controversiam
1048 2343 1127 2402 inter
1142 2341 1310 2419 Anglorum

194 2438 225 2492 et
240 2432 398 2492 Britonum
419 2432 554 2490 ecclesias
569 2430 669 2510 potius
685 2431 775 2489 fuisse
790 2432 900 2490 bellum
916 2431 994 2491 inter
1008 2432 1095 2492 55555
1111 2433 1184 2492 duas
1199 2439 1310 2509 gentes,

194 2522 383 2582 manifestum
406 2527 451 2580 est
479 2519 668 2580 dissensionis
692 2521 906 2580 ecclesiastieae
928 2521 1152 2600 amplitudinem
1174 2543 1228 2580 nos
1252 2542 1309 2580 non

194 2631 279 2688 posse
303 2610 402 2669 metiri
426 2610 644 2669 controversiae
668 2611 837 2671 acerbitate.
884 2611 969 2670 Inter
993 2611 1129 2671 ecclesias
1152 2612 1310 2671 Britonum

194 2706 225 2759 et
240 2698 506 2778 AngloSaxonum
528 2699 670 2758 dissensio
694 2721 753 2758 non
777 2706 841 2759 erat
863 2701 919 2761 nisi
943 2701 979 2759 de
1003 2701 1221 2779 computatione
1241 2700 1311 2761 festi

193 2790 340 2867 paschalis
363 2796 393 2849 et
416 2789 452 2848 de
477 2789 624 2849 nonnullis
647 2789 754 2849 ritibus
777 2789 990 2849 ecclesiasticis.

282 2880 364 2957 Ergo
388 2899 574 2957 nequequam
597 2899 651 2957 pro
666 2878 732 2953 fide,
756 2878 807 2938 vix
821 2899 875 2958 pro
892 2880 1030 2953 moribus,
1054 2886 1135 2939 certo
1151 2901 1205 2960 pro
1221 2882 1308 2940 liber-

192 2974 255 3028 tate
277 2968 418 3028 Britones
441 2988 506 3029 cum
530 2968 699 3029 Senonibus
721 2977 938 3046 pugnaverunt.

281 3058 385 3135 Longe
409 3058 497 3116 aliter
517 3058 708 3135 judicandum
732 3064 777 3117 est
792 3058 829 3116 de
845 3060 1044 3119 controversia
1059 3060 1138 3119 inter
1153 3059 1308 3120 Scotorum

76 3143 79 3147 ⁴
193 3154 224 3206 et
253 3144 422 3224 Anglorum
453 3146 598 3206 ecclesias.
651 3146 828 3222 Quanquam
858 3148 935 3206 enim
966 3151 1113 3227 permulta
1144 3149 1309 3208 communia

192 3236 282 3296 fuisse
298 3236 438 3296 ecclesiae
454 3234 611 3295 Scotorum
628 3241 658 3295 et
672 3235 831 3295 Britonum
847 3257 933 3296 nemo
949 3245 1001 3312 est,
1018 3239 1070 3314 qui
1085 3245 1181 3315 neget,
1202 3245 1310 3312 tamen,

193 3326 244 3403 qui
274 3326 385 3385 fuerint
415 3326 569 3402 utriusque
599 3345 708 3399 mores,
739 3326 827 3403 plane
857 3328 992 3404 cognosci
1015 3348 1073 3385 non
1096 3333 1196 3404 potest
1219 3328 1243 3386 si
1271 3362 1307 3370 -

193 3416 272 3491 quod
293 3416 430 3495 plurimis
453 3416 574 3494 placuit,
598 3436 657 3474 non
680 3435 749 3474 vero
773 3415 845 3475 viris
869 3416 1045 3476 doctissimis
1067 3414 1106 3476 Η.
1131 3416 1189 3474 and
1212 3415 1256 3475 St.
1281 3423 1311 3474 et

192 3512 294 3564 nostro
311 3504 458 3565 Schoellio
474 3505 525 3564 sed
541 3504 731 3583 prohdolor!
752 3505 824 3583 ipsis
840 3505 911 3565 viris
925 3526 1038 3565 summa
1054 3505 1205 3564 doetrinae
1223 3507 1310 3565 laude

194 3595 304 3671 dignis,
334 3594 474 3672 Brightio
504 3599 534 3654 55
556 3593 713 3654 Warreuio
737 3630 780 3640 —-
803 3615 862 3653 una
885 3602 916 3654 et
939 3595 1039 3653 eadem
1063 3596 1309 3655 commentatione

267 3825 277 3855 ¹
297 3822 380 3876 Hanc
400 3821 536 3888 synodum
555 3823 674 3876 eandem
693 3839 761 3886 esse,
788 3823 833 3876 cui
853 3821 1025 3875 Winfridum
1044 3822 1203 3876 interfuisse
1222 3823 1310 3876 refert

199 3893 378 3948 Willibaldus
402 3893 452 3947 vit.
473 3892 543 3947 Bon.
564 3892 651 3958 Jafft,
679 3894 754 3947 Bibl.
774 3911 828 3947 rer.
849 3893 943 3948 Germ.
962 3891 1017 3957 ΠΙ,
1039 3912 1066 3961 p.
1087 3894 1138 3949 439
1157 3895 1217 3947 sine
1232 3897 1309 3964 justa

195 3982 280 4019 causa
298 3964 405 4032 opinati
425 3967 490 4018 sunt
509 3963 547 4019 H.
568 3966 623 4018 and
643 3964 685 4019 St.
706 3964 729 4029 Ι,
751 3982 779 4032 p.
801 3963 852 4019 674
870 3968 928 4020 555.
948 3965 975 4020 b.

266 4035 278 4070 ⁹
297 4035 369 4091 Brut
387 4034 534 4104 yTywyso
555 4035 603 4090 ion
623 4037 671 4106 (de
691 4053 745 4106 quo
763 4035 836 4089 libro
849 4035 907 4088 vid.
921 4035 1117 4105 Lappenberg,
1139 4037 1239 4091 Gesch.
1254 4054 1309 4091 von

194 4107 300 4178 Engld.
319 4125 346 4176 p.
362 4106 475 4176 XLIII)
493 4125 518 4162 a.
533 4054 559 4161 d.
574 4107 642 4162 755:
661 4109 748 4162 auster
766 4122 821 4160 5555
839 4105 957 4176 changed
968 4107 999 4162 ia
1013 4107 1150 4176 Gpwaedd
1163 4108 1210 4176 (cf.
1226 4127 1309 4176 supra
1395 4170 1398 4175 ¹

195 4197 224 4247 p.
245 4178 290 4247 13)
309 4177 343 4248 tp
363 4179 404 4232 tte
423 4179 513 4234 advice
529 4177 564 4247 of
572 4178 666 4245 Elood,
686 4177 791 4245 oucmp
809 4178 845 4243 of
852 4176 915 4232 Bau
933 4195 971 4244 or,
991 4179 1038 4232 but
1050 4179 1092 4232 tte
1104 4180 1178 4233 other
1190 4178 1309 4247 55555555

195 4249 242 4304 did
259 4253 307 4303 aot
325 4266 424 4304 concur
442 4249 560 4316 tharsim
578 4243 614 4304 55
630 4249 715 4303 wttcb
730 4251 844 4302 account
855 4249 897 4303 tte
909 4195 1016 4304 Scaeas
1027 4249 1141 4304 invaded
1153 4250 1195 4302 555
1209 4250 1309 4319 Opmrp

195 4321 226 4375 tu
243 4320 328 4376 Soutb
346 4321 435 4377 Wotea
455 4320 508 4391 (H.
528 4320 584 4375 aad
601 4320 641 4374 St.
656 4320 682 4386 I,
697 4337 727 4389 p.
742 4321 803 4374 204
822 4321 987 4377 5555555555
1005 4338 1040 4376 eor
1058 4337 1177 4375 samone
1191 4320 1307 4392 Celtico).
