3024 4920
425 128 539 196 Ὗ
690 155 932 213 -na-

149 336 151 340 ’
252 337 378 413 gisseut,
406 335 464 394 nisi
487 335 662 413 disciplinae
686 354 774 393 causa
797 334 834 392 iis
856 333 1018 411 placuisset
1040 333 1072 390 in
1096 334 1244 394 coenobiis
1267 337 1377 395 vivere.

250 426 360 504 Itaque
383 425 573 484 eremitarum
596 429 696 483 coetus
720 430 805 484 erant
833 423 1012 482 monasteria
1027 441 1151 496 eorum,
1182 443 1251 481 nam
1272 423 1305 484 iu
1327 427 1376 487 de-

250 512 332 574 sertis
353 511 492 585 seductas,
516 510 590 573 malli
610 509 734 584 molesti,
758 531 825 572 cum
846 509 954 593 repulia
976 510 1123 572 seniorum
1145 520 1294 572 macutes
1317 537 1375 590 eos,

250 603 281 662 in
313 615 437 680 quorum
467 602 588 679 regione
617 603 826 675 versabantur,
861 603 934 661 adeo
963 600 1169 679 negligebant,
1203 607 1238 660 ut
1263 606 1376 664 nemini

251 693 349 752 aditus
371 697 490 770 pateret
512 692 592 750 intra
614 699 700 770 septa
723 692 896 750 monasterii
912 692 1029 768 (Jonas,
1045 691 1099 751 vit.
1116 689 1179 752 Col.
1197 691 1248 762 33,
1264 713 1293 770 p.
1314 696 1375 771 19).

249 782 371 841 Minime
395 781 488 858 igitur
510 781 651 841 ecclesiae
675 801 795 858 operam
819 801 902 840 suam
926 781 1155 841 commodabant
1178 781 1216 840 ad
1240 783 1375 842 erudien-

250 871 304 930 dos
326 871 465 949 populos,
493 872 544 929 sed
567 891 620 929 sua
643 870 766 948 propria
788 869 904 929 ratione
929 871 966 929 ad
989 870 1083 930 vitam
1105 876 1258 930 aeternam
1278 873 1375 930 ‘homi-

224 1029 226 1034 1
249 960 338 1019 uibus
369 960 576 1018 monstrabant
607 959 695 1019 viam.
746 958 971 1036 Peregrinaturi
1002 981 1018 1018 e
1047 959 1148 1036 patria
1178 960 1375 1034 decesserant,

249 1049 401 1127 peregrini
425 1055 511 1108 erant
533 1049 563 1107 iu
588 1047 688 1106 Gallia
711 1055 742 1107 et
765 1047 936 1106 Germania.
980 1049 1069 1108 Unde
1097 1049 1189 1108 etiam
1217 1049 1251 1122 ii,
1282 1049 1335 1126 qui
1358 1071 1375 1108 e

250 1137 346 1199 Gallis
369 1139 417 1198 vel
441 1137 598 1196 Germanis
621 1137 652 1195 in
675 1138 795 1196 illorum
817 1137 1004 1196 monasteriis
1021 1137 1138 1196 *eruditi
1165 1145 1270 1216 postea
1298 1139 1374 1217 epis·

249 1246 390 1306 caporum
419 1241 547 1286 ¹munera
581 1227 749 1300 subierunt,
786 1226 937 1304 peregrini
974 1227 1129 1286 redierunt
1168 1229 1200 1286 iu
1238 1228 1374 1307 ipsorum

248 1317 389 1395 patriam,
418 1316 571 1394 peregrini
594 1317 771 1374 nouaclum
794 1316 826 1374 in
849 1317 972 1389 mundo,
1002 1315 1153 1392 peregrini
1179 1316 1211 1374 in
1239 1317 1304 1394 ipsa
1328 1337 1373 1375 ec-

248 1406 349 1478 clesia,
381 1405 492 1485 quippe
520 1406 572 1482 qui
598 1411 704 1484 utpote
735 1406 873 1464 monachi
900 1405 1072 1467 austerioris
1100 1405 1305 1465 observantiae
1336 1403 1374 1464 ab

249 1493 380 1554 omnium
402 1491 596 1554 ammutium
616 1509 699 1554 mure
714 1493 899 1555 &educerent
914 1497 1029 1570 (Jonas,
1045 1495 1098 1555 vit.
1115 1494 1178 1555 Col.
1196 1495 1247 1566 33,
1263 1515 1291 1572 p.
1312 1495 1374 1571 19).

247 1584 386 1642 Monachi
413 1583 490 1642 enim
518 1592 604 1644 erant
631 1605 743 1658 omnes,
775 1585 826 1662 qui
853 1585 884 1643 in
912 1586 971 1644 illis
1000 1583 1156 1644 Scotorum
1186 1584 1373 1643 monasteriis

248 1672 359 1732 eruditi
374 1678 451 1745 sunt,
472 1692 543 1733 nam
558 1674 639 1732 utin
655 1675 834 1734 monasterio
851 1674 968 1734 Hiiensi
986 1672 1127 1750 (Adamn.
1139 1674 1192 1733 vit.
1205 1671 1268 1732 Col.
1283 1671 1371 1745 1‚27,

248 1763 327 1822 Acta
352 1760 405 1821 SS.
429 1762 506 1821 Boll.
529 1763 616 1821 Junii
640 1765 669 1835 9,
693 1784 722 1840 p.
747 1764 824 1840 207)
847 1764 891 1822 ita
921 1764 953 1822 in
984 1762 1120 1822 omnibus
1148 1761 1373 1841 peregrinorum

247 1852 436 1910 monasteriis
460 1851 533 1910 nulli
557 1852 588 1909 in
610 1872 764 1910 numerum
781 1853 992 1929 discipulorum
1015 1852 1130 1930 recepti
1153 1871 1215 1910 esse
1232 1850 1375 1911 videntur

247 1940 306 2000 uisi
338 1942 389 2018 qui
419 1940 622 2000 monachicum
652 1949 755 2000 votum
791 1942 999 2019 promiserant.
1051 1941 1248 2018 Nequaquam
1278 1939 1374 2016 igitur

248 2036 421 2108 cunctorum
441 2031 625 2109 'populorum
653 2039 862 2108 praeceptores
889 2029 953 2089 fieri
980 2035 1143 2108 potuerunt
1165 2029 1301 2088 monachi
1325 2026 1374 2088 Sti

247 2119 419 2191 Columbae,
442 2136 511 2177 narn
527 2119 675 2179 austerior
691 2127 721 2178 et
737 2120 863 2196 rigidior
885 2125 950 2178 erat
973 2120 1076 2195 regula
1098 2139 1152 2178 nec
1175 2124 1276 2177 tamen
1298 2117 1373 2177 satis
1466 2174 1468 2178 .

247 2213 386 2266 accurata
416 2207 447 2265 in
475 2206 650 2266 definiendis
680 2208 890 2269 monachorum
921 2209 1073 2267 laboribus
1104 2207 1213 2266 nedum
1241 2207 1274 2266 in
1304 2226 1373 2266 oon·

246 2296 405 2356 stituendis
427 2297 562 2354 laborum
585 2297 673 2356 boris.

337 2386 405 2459 Qua
431 2386 467 2444 de
497 2405 584 2444 causa
611 2386 719 2444 mirum
748 2406 807 2444 non
837 2393 893 2459 est,
925 2386 1006 2463 quad
1033 2385 1194 2445 Columbae
1219 2386 1326 2463 regula
1355 2406 1373 2443 a

247 2473 295 2534 su
318 2473 475 2534 Benedicti
496 2476 601 2552 regula
624 2476 731 2535 sensim
754 2475 968 2553 paullatimque
992 2484 1139 2534 summota
1163 2474 1241 2534 est.1
1277 2473 1372 2550 Cujus

211 2639 214 2642 Ι
246 2563 291 2622 rei
312 2560 537 2640 locupletissimi
560 2571 651 2624 testes
667 2571 744 2623 ‘sunt
766 2565 895 2643 plurima
917 2565 969 2623 illa
993 2564 1184 2637 monasteria,
1208 2564 1239 2622 in
1263 2560 1373 2641 quibus

246 2652 326 2712 haud
353 2652 397 2710 ita
423 2653 518 2712 multo
546 2661 615 2731 post
638 2653 800 2713 Columbae
828 2658 954 2712 mortem
983 2673 1048 2712 cum
1076 2652 1239 2712 Columbae
1268 2653 1373 2731 regula

247 2745 404 2817 conjuncta
433 2748 479 2800 est
507 2741 554 2802 Sti
581 2742 737 2802 Benedicti
766 2743 878 2820 regula.
924 2742 1017 2817 Cujus
1047 2740 1264 2816 conjunctionis
1295 2758 1371 2819 quae

247 2831 339 2891 fuerit
362 2831 448 2904 ratio,
466 2852 509 2889 ex
524 2832 638 2890 Donati
653 2832 757 2909 regula
773 2846 948 2909 cognoscere
971 2833 1049 2904 licet,
1073 2831 1104 2888 in
1127 2851 1186 2907 qua
1209 2845 1371 2909 poenarum

246 2933 356 2998 genera
373 2927 403 2978 et
418 2921 562 2980 severitas
578 2927 668 2998 atque
692 2937 806 2980 morum
830 2921 965 2979 nonnulli
988 2926 1157 2997 congruunt
1180 2938 1246 2979 curn
1263 2919 1373 2997 regula

247 3008 422 3080 Columbae,
447 3009 574 3068 interior
596 3015 696 3068 autem
719 3011 800 3069 vitae
824 3010 1021 3069 instituendae
1044 3027 1149 3067 norma
1171 3009 1302 3088 repetita
1325 3014 1373 3068 est

247 3117 283 3155 ex
299 3098 403 3172 regula
418 3096 465 3156 Sti
481 3097 651 3170 Benedicti;
674 3104 704 3157 et
728 3118 816 3175 quam
840 3100 944 3168 crebra
967 3098 1078 3158 fuerint
1100 3098 1173 3157 baec
1192 3097 1374 3157 monasteria

246 3185 405 3246 suendum
431 3183 565 3266 rapulam
592 3183 649 3246 SS.
677 3185 834 3247 Benedicti
859 3195 885 3247 at
914 3183 1089 3247 Columbcai
1117 3187 1269 3260 instituta,
1303 3203 1372 3266 per-

245 3276 357 3336 multae
380 3295 456 3352 quae
472 3281 599 3336 *exstant
614 3277 741 3336 ‘tabulae
770 3283 919 3337 testantur
947 3279 995 3353 (cf.
1019 3277 1158 3354 Laening
1180 3275 1228 3349 II,
1244 3294 1281 3354 p.
1305 3274 1371 3334 442

245 3372 308 3425 not.
333 3365 374 3441 2).
420 3365 458 3424 In
481 3366 547 3444 ipso
571 3368 750 3425 monasterio
773 3366 956 3426 Luxoviensi
980 3370 1043 3443 jam
1066 3366 1147 3425 intra
1170 3380 1280 3424 annum
1305 3361 1368 3423 631

245 3455 351 3532 regula
373 3454 421 3513 Sti
443 3454 601 3514 Benedicti
625 3475 690 3514 cum
707 3456 868 3516 Columbae
891 3457 994 3532 regula
1018 3458 1175 3532 conjuncta
1199 3470 1262 3514 esse
1279 3453 1370 3513 vide·

246 3551 297 3603 tur
319 3543 469 3621 (Loening
491 3543 534 3616 II,
557 3565 586 3621 p.
611 3545 689 3616 4413
712 3544 956 3617 Montalembert,
980 3546 1023 3603 les
1045 3544 1157 3602 moines
1181 3542 1302 3603 d'ocoid.
1324 3542 1371 3615 Π,

245 3653 274 3710 p.
289 3628 377 3706 ι572)
401 3653 496 3708 neque
519 3632 589 3691 alibi
614 3634 744 3709 (Hertel,
768 3655 796 3711 p.
815 3634 892 3708 453)
916 3635 1019 3710 regula
1035 3632 1198 3692 Columbae
1219 3632 1278 3692 nisi
1302 3651 1372 3691 con·

243 3725 348 3798 juncta
372 3741 437 3781 cum
454 3720 501 3781 Sti
514 3721 673 3782 'Benedicti
696 3723 823 3802 amplius
846 3723 968 3782 videtur
989 3722 1127 3800 viguisse,
1151 3738 1220 3781 uam
1242 3721 1372 3781 ‘exeunte

242 3822 321 3870 saec.
345 3809 410 3870 VII
434 3810 524 3869 eti'am
554 3811 585 3869 in
612 3811 797 3889 Burgundis,
825 3834 846 3871 a
870 3812 977 3888 quibus
1007 3811 1141 3890 profecta
1172 3818 1236 3870 erat
1266 3810 1373 3888 regula

247 3898 418 3972 Columbae,
440 3897 489 3960 Sti
511 3899 667 3960 Benedicti
690 3903 793 3979 regula
816 3896 986 3980 percrebuit
1009 3901 1158 3977 (Laening
1173 3896 1215 3973 I-I,
1236 3916 1265 3977 p.
1282 3897 1372 3975 442).

245 4087 249 4091 γ
340 4128 349 4158 ¹
370 4127 448 4197 Quae
468 4127 613 4182 Ebrardus
633 4130 673 4198 (p.
687 4128 739 4182 365
753 4128 826 4197 sqq.)
846 4127 881 4180 de
901 4144 1014 4196 opressa
1027 4127 1127 4198 regula
1140 4126 1295 4180 Columbae
1311 4125 1370 4179 sibi

245 4198 334 4264 finxit,
355 4200 442 4268 digna
460 4218 516 4255 non
535 4203 614 4266 sunt,
634 4215 706 4267 quae
725 4199 854 4266 pluribus
873 4198 1029 4265 diluantur,
1049 4206 1081 4252 ut
1099 4202 1198 4267 sponte
1218 4196 1389 4268 apparebit*

247 4289 283 4326 ex
302 4271 345 4337 iis,
365 4281 437 4339 quae
457 4273 607 4340 proferam.
