3024 4920
645 208 863 265 -57-

197 387 374 446 Sanctorum
398 387 563 445 Hiberniae
587 388 639 463 (H.
655 386 714 444 and
730 385 773 445 St.
790 384 832 459 II,
851 388 879 459 2,
903 408 931 464 p.
950 388 1023 459 292,
1048 388 1083 444 of.
1105 406 1196 464 supra
1215 408 1244 464 p.
1262 386 1316 464 52)

140 505 144 514 ·
198 477 385 555 conscripsit,
417 496 476 534 non
504 476 590 552 fugit.
636 476 713 536 Nam
737 496 803 534 cum
827 475 981 554 deprimo
1005 475 1182 535 Sanctorum
1205 475 1316 548 ordine,

196 565 247 647 qui
274 573 336 625 erut
364 564 396 625 e'a
425 573 553 646 tempore
576 561 715 635 Potrici,
745 565 855 623 dixerit
877 584 969 624 senum
998 573 1087 644 capnt
1116 559 1265 624 Christum
1292 572 1318 623 et

196 675 287 714 unum
319 654 423 714 daweus
452 651 617 712 Patricium
646 650 802 723 habebant,
837 655 873 712 de
904 655 1045 727 secundo,
1080 653 1132 730 qui
1156 653 1317 713 Columbae

198 745 382 822 temporibus
406 750 476 816 erat,
500 744 542 801 nil
571 742 628 802 nisi
651 763 755 813 unum,
785 743 896 820 inquit,
927 751 1014 824 caput
1036 739 1192 814 babeberc,
1224 741 1315 802 domi·

196 854 268 892 rasim
289 841 429 892 nostrum.

286 923 368 998 Ergo
393 943 451 980 non
474 921 549 979 illud
576 922 725 998 singulare
756 928 833 993 erat,
858 920 937 999 quod
960 921 1170 980 monesterium
1192 921 1317 981 Hiienso

197 1013 400 1092 principatum
425 1011 572 1088 quendam
594 1011 717 1069 tenebat
739 1011 770 1069 in
786 1010 852 1069 aliis
869 1010 1063 1082 monasteriis,
1087 1010 1138 1069 sed
1154 1010 1217 1084 hoc,
1238 1012 1317 1087 quod

198 1122 256 1160 non
281 1103 374 1160 solum
390 1101 532 1159 nonnulla
555 1101 585 1157 in
602 1100 749 1159 Hibernia
765 1100 951 1173 monasteria,
973 1099 1024 1158 sed
1040 1106 1146 1158 cuncte
1160 1098 1317 1158 Pictorum

197 1198 279 1250 terra
302 1190 435 1249 Hiiensis
458 1187 631 1247 monasterii
654 1189 756 1248 abbati
780 1196 844 1247 erat
868 1189 1009 1264 subjecta.
1035 1223 1071 1232 -
1090 1190 1194 1265 Neque
1217 1195 1317 1248 tamen

197 1281 253 1339 hoc
276 1280 443 1338 mirandum
468 1285 525 1351 est,
557 1298 626 1336 nam
649 1278 687 1336 ab
710 1299 769 1337 uno
791 1279 843 1336 illo
875 1277 1053 1336 monasterio
1076 1285 1141 1337 tota
1164 1278 1317 1337 Pictorum

197 1390 270 1447 gens
293 1369 400 1428 sensim
425 1368 641 1445 paullatimque
657 1368 687 1425 in
704 1369 874 1427 societatem
896 1367 1074 1426 christianae
1097 1367 1167 1425 fidei
1190 1387 1316 1427 assume·

197 1461 302 1530 batur,
335 1477 400 1516 oum
431 1457 462 1514 in
493 1455 640 1515 Hibernia
670 1463 773 1534 utpote
801 1461 863 1533 jam
892 1456 1053 1515 christiana
1080 1457 1229 1534 permulta
1258 1476 1317 1514 mo·

197 1549 328 1606 nasterie
351 1567 410 1605 una
433 1546 594 1622 eademque
617 1551 716 1605 aetate
740 1547 998 1605 constituerentur.

287 1639 372 1695 Haec
396 1637 431 1694 de
455 1642 578 1694 externe
602 1636 739 1694 ecclesiae
762 1635 919 1694 Scotorum
942 1637 1046 1694 forma.
1085 1636 1171 1695 Nunc
1195 1633 1317 1712 propius

194 1730 256 1803 jam
286 1726 457 1784 accedamus
487 1725 525 1782 ad
555 1724 770 1800 inspiciendum
802 1725 940 1783 ecclesiae
969 1729 1089 1785 statum.
1135 1724 1318 1783 Monasteria

197 1816 339 1873 nonnulla
356 1814 553 1890 episcopalem
569 1814 718 1888 quandam
735 1834 835 1873 curam
851 1813 882 1871 in
898 1814 1021 1873 ecclesia
1036 1813 1161 1891 gessisse
1176 1812 1316 1884 vidimus3

197 1904 320 1975 accedit,
345 1903 424 1979 quod
447 1902 530 1960 Beda
554 1908 656 1960 narrat
679 1903 715 1961 de
739 1902 918 1962 monasterio
938 1902 1072 1961 Hiiensi:
1096 1899 1199 1960 habere
1221 1909 1319 1960 aedem

197 1989 308 2051 solat
295 2011 362 2071 msa
391 1988 486 2049 issula
512 1998 652 2049 rectorem
681 2010 809 2092 semper
825 1990 958 2050 abbaram
991 1988 1204 2069 presbyteram,
1236 1985 1317 2071 cujus

191 2077 261 2161 juri
282 2088 308 2138 et
330 2078 423 2139 omnis
440 2077 598 2159 provinciis
628 2088 654 2138 et
684 2078 743 2159 ipsi
771 2079 857 2139 etiam
888 2078 1018 2180 episcopi
1052 2078 1153 2138 ordine
1181 2077 1317 2138 innotata

197 2167 318 2228 ‹abeant
307 2178 400 2228 tesso
422 2163 553 2248 sabjecti,
578 2164 669 2248 justo
696 2166 860 2249 coemptum
884 2166 983 2247 patui
1010 2167 1150 2239 doctoris,
1181 2166 1232 2249 qai
1260 2187 1319 2228 noa

197 2257 358 2338 episcopus,
390 2257 441 2317 sed
464 2255 618 2337 presbyter
641 2257 746 2318 casatis
779 2267 804 2318 et
826 2254 985 2317 monachus
1009 2258 1049 2335 (h.
1066 2279 1090 2316 e.
1108 2259 1140 2331 3,
1158 2259 1178 2315 4
1195 2259 1212 2335 5
1232 2259 1317 2334 160).

199 2348 297 2422 Quid?
333 2348 443 2407 Utrum
466 2347 616 2423 singulare
640 2354 705 2406 eret
729 2348 807 2425 quod
831 2348 867 2406 de
891 2348 1070 2406 monasterio
1093 2347 1213 2406 Hiiensi
1234 2347 1320 2405 Beda

198 2442 318 2496 enarrat
349 2436 448 2496 verbis
478 2436 565 2495 modo
597 2439 845 2510 commemoratis,
882 2458 919 2496 an
953 2437 1031 2495 idem
1065 2436 1154 2495 etiam
1185 2435 1258 2494 alibi
1287 2435 1319 2493 in

199 2525 321 2585 ecclesia
337 2524 494 2584 Scotorum
517 2525 744 2584 inveniebatur?
776 2525 855 2600 Quid
872 2526 991 2584 omnino
1011 2525 1205 2601 judicandum
1222 2530 1267 2582 est
1283 2524 1319 2582 de

198 2615 378 2675 auctoritate
394 2615 454 2687 illa,
477 2634 565 2691 quam
585 2615 765 2674 monasteria
785 2616 817 2672 in
839 2615 959 2675 ecclesia
975 2614 1132 2674 Scotorum
1147 2613 1318 2673 habebant?

287 2703 483 2763 Perdifficiles
507 2710 577 2763 sunt
600 2704 655 2762 hae
679 2704 877 2780 quaestiones,
902 2725 1011 2780 eaeque
1035 2705 1123 2777 tales,
1151 2703 1188 2762 de
1211 2703 1319 2778 quibus

198 2794 294 2852 adhuc
318 2793 405 2851 hodie
421 2793 479 2851 viri
502 2794 582 2851 docti
606 2792 724 2851 minime
748 2793 944 2853 consentiant.
976 2793 1042 2866 Qua
1058 2793 1094 2850 de
1111 2812 1199 2850 causa
1221 2793 1318 2850 facere

197 2902 256 2940 non
288 2903 422 2961 possum,
452 2887 487 2940 ut
516 2883 547 2940 in
576 2883 643 2960 ipsa
670 2882 872 2958 disputatione
901 2881 1047 2959 expressis
1071 2881 1169 2940 verbis
1192 2880 1319 2938 aliorum

199 2971 361 3030 sententias
377 2971 556 3047 impugnem.
583 2970 679 3027 Meam
695 2970 795 3047 potius
807 2971 887 3030 viam
902 2970 1078 3047 simpliciter
1093 2989 1262 3047 persequar,
1275 3002 1319 3013 -

197 3060 343 3135 siquidem
366 3079 431 3116 mea
455 3066 512 3130 est,
544 3079 633 3135 quam
657 3079 716 3117 non
746 3059 934 3132 invenissem,
965 3058 1021 3118 nisi
1053 3058 1126 3118 alios
1150 3059 1318 3118 habuissem

198 3149 286 3207 duces
309 3147 434 3206 itineris.

287 3237 450 3295 Exordium
474 3258 510 3296 ex
533 3237 593 3295 alto
616 3243 751 3314 petamus
775 3258 892 3297 necesse
916 3243 968 3296 est.
1009 3237 1217 3311 Quaerendum
1241 3236 1317 3294 enim

198 3334 251 3402 cst,
267 3348 337 3385 num
355 3328 474 3385 omnino
491 3325 601 3403 gradus
617 3327 808 3386 ecclesiastici
825 3348 882 3384 non
899 3326 1088 3404 reperiantur
1108 3324 1188 3404 apud
1204 3323 1317 3397 Scotos,

198 3437 269 3474 num
293 3437 392 3476 omnes
416 3416 515 3474 clerici
531 3416 662 3494 exceptis
678 3416 837 3475 abbatibus
853 3437 888 3474 ea
908 3421 1003 3493 parte,
1027 3420 1173 3492 quatenus
1194 3414 1318 3472 abbates

199 3513 291 3577 erant,
315 3526 401 3582 pares
422 3504 534 3564 fuerint
557 3504 705 3582 dignitate
729 3505 805 3564 sicut
828 3525 891 3564 mos
916 3511 960 3563 est
982 3503 1211 3562 monachorum?

287 3594 494 3668 Diaconcrum,
519 3594 555 3652 de
579 3594 687 3670 quibus
702 3595 830 3673 primurn
846 3594 1002 3652 dicendum
1023 3600 1077 3666 est,
1100 3593 1235 3670 gradum,
1258 3612 1318 3650 non

199 3682 265 3741 dico
296 3702 402 3739 nomen
433 3684 572 3759 (Ebrard.
596 3706 624 3762 p.
652 3684 714 3742 180
739 3687 825 3760 sqq.)‚
857 3683 937 3762 apud
964 3682 1069 3742 Scotos
1100 3701 1159 3741 non
1190 3681 1318 3742 defuisse

200 3769 397 3829 Adamnanus
420 3779 466 3831 est
487 3773 587 3844 testis;
610 3773 695 3849 isque
711 3780 809 3843 certus
833 3793 866 3831 ac
890 3774 1000 3830 bonus:
1024 3793 1102 3845 nam,
1126 3771 1180 3830 etsi
1205 3770 1318 3848 primus

198 3862 340 3919 abbatum
353 3859 529 3934 Hiiensium‚
546 3866 580 3919 ut
596 3869 700 3939 postea
716 3862 891 3936 videbimus,
909 3881 973 3919 cum
987 3860 1130 3920 Romanis
1146 3859 1318 3920 societatem

364 3983 410 3990 -—-.

199 4036 263 4089 culo
283 4034 403 4102 septimo
428 4033 590 4102 episcopum
613 4034 845 4088 Ardmachanum
864 4035 1054 4103 principatum
1081 4032 1220 4102 quendam
1245 4031 1317 4086 obti-

197 4107 300 4171 nuisse,
322 4105 396 4173 quod
415 4104 491 4158 idem
511 4105 576 4158 inde
590 4111 719 4175 apparet,
740 4107 817 4175 quod
830 4123 902 4159 anno
916 4106 967 4161 697
982 4106 1129 4174 episcopus
1142 4104 1317 4158 Ardmacha-

198 4195 250 4231 nus
271 4176 379 4243 synodo
400 4175 517 4228 Tarensi
536 4176 659 4243 praefuit
678 4177 786 4247 (Skene
799 4176 838 4241 ΙΙ,
853 4195 880 4245 p.
900 4178 970 4246 173).
996 4175 1052 4230 Sed
1067 4176 1177 4230 saeculo
1198 4175 1317 4244 septimo

198 4254 319 4302 exeunte
339 4247 524 4301 vetustiorem
543 4264 603 4301 esse
616 4249 756 4319 insignem
770 4249 851 4301 illum
864 4248 938 4301 sedis
950 4248 1169 4302 Ardmachanae
1183 4247 1315 4299 honorem

198 4319 375 4388 comprobari
394 4336 450 4373 non
470 4321 572 4386 potest.
