3024 4920
637 208 860 267 ·-1n-

281 386 389 449 Altera
412 388 501 449 etiam
524 388 687 467 suiipsius
711 409 800 449 causa
823 388 1097 448 commemoratione
1121 389 1211 467 digna
1231 388 1311 449 vide·

192 485 250 536 tur.
297 477 411 554 Cuique
434 479 525 550 enim,
548 484 583 537 ut
606 479 718 556 opinor,
743 477 850 538 Gildae
873 478 965 538 libros
987 478 1099 556 legenti
1121 479 1312 556 conspicuum

193 566 353 640 videbitur,
378 568 456 644 quod
473 567 577 628 Gildas
598 572 656 646 (ep.
672 570 689 646 ξ
707 569 747 626 74
764 571 819 645 sq.)
842 568 1021 629 mentionem
1043 568 1116 628 fecit
1139 568 1175 627 de
1190 568 1312 646 Ignatie

194 662 224 717 et
246 656 412 734 Polycarpo
440 659 533 716 verba
562 659 716 734 proferens
746 678 782 716 ex
812 657 898 733 hujus
929 657 1071 734 martyrio
1102 663 1133 718 et
1162 658 1242 718 illius
1272 657 1312 717 ad

193 745 343 805 Romanos
367 746 503 824 epistula.
548 748 653 810 Nonne
683 746 755 806 haec
783 767 846 819 res,
878 747 936 806 etsi
965 753 1083 807 constat
1113 768 1149 806 ex
1173 746 1312 824 Gregorii

194 834 373 896 Turonensis
397 836 432 894 de
456 837 552 913 gloria
575 843 738 912 martyrum
760 836 860 895 libello
884 838 921 911 (c.
945 838 996 896 86.
1019 836 1127 914 Migne,
1150 836 1185 895 P.
1205 837 1242 896 L.
1260 838 1311 909 71,

193 944 221 1001 p.
240 925 312 1007 789.
336 927 372 988 cf.
390 925 525 1000 Warren,
548 948 577 1005 p.
601 928 656 1004 99)
679 925 854 1002 martyrium
876 925 1034 1004 Polycarpi
1057 926 1089 984 in
1113 925 1312 1005 compluribus

194 1011 311 1073 Galliae
334 1015 462 1075 ecclesiis
485 1016 643 1077 recitatum
676 1035 737 1075 esse
766 1015 798 1074 in
829 1015 1011 1075 celebrandis
1034 1015 1227 1076 eucharistiae
1250 1036 1311 1092 my·

193 1103 306 1177 steriis,
336 1139 373 1149 -
399 1125 512 1180 nonne,
541 1127 666 1183 quaeso,
695 1106 768 1165 haec
791 1126 838 1165 res
861 1105 980 1165 videtur
1002 1105 1132 1164 indicare
1156 1111 1311 1165 consuctu-

193 1192 293 1252 dinem
315 1194 406 1254 fuisse
429 1194 569 1273 antiquae
592 1195 751 1255 Britonum
774 1195 912 1255 ecclesiae
936 1215 1001 1254 cum
1024 1194 1147 1254 urbibus
1162 1195 1311 1272 Lugduno

195 1289 224 1342 et
247 1283 387 1344 Vienna?

282 1374 366 1433 Haec
389 1374 426 1432 de
448 1373 628 1453 primordiis.
674 1372 872 1434 Adulteram
900 1377 963 1450 jam
994 1375 1145 1436 veniamus
1175 1373 1312 1434 ecclesiae

193 1460 352 1522 Britcnum
375 1468 504 1524 aetatem

385 1658 453 1726 inde
476 1659 516 1725 ab
540 1675 619 1726 anno
642 1659 719 1740 450,
745 1675 839 1743 usque
862 1658 900 1725 ad
924 1676 1033 1726 aarum
1058 1659 1122 1727 597

194 1824 401 1902 pertinentem.
446 1823 494 1882 De
509 1843 569 1899 qua
583 1823 756 1900 priusquam
772 1823 915 1883 disserere
937 1823 1121 1902 incipiamus,
1145 1825 1313 1886 meminerit

194 1915 234 1987 is,
259 1914 310 1990 qui
333 1913 406 1972 haec
428 1914 517 1990 legit,
548 1933 581 1972 5ο
604 1913 669 1992 ipso
693 1914 825 1987 saeculo,
849 1935 867 1973 a
890 1934 948 1990 quo
970 1913 1090 1974 initium
1113 1914 1208 1993 capit,
1241 1914 1312 1974 alibi

195 2023 312 2081 quoque
329 2002 400 2080 quin
417 2003 506 2062 etiam
521 2002 554 2062 in
569 2003 705 2062 omnibus
725 2003 886 2063 occidentis
907 2003 995 2064 terris
1016 2003 1205 2081 antiquitatis
1227 2003 1311 2063 insti·

194 2100 260 2153 tuta
277 2093 427 2167 corruisse,
451 2113 528 2152 nova
547 2093 692 2168 quaedam
712 2093 868 2154 exstitisse.
916 2093 1099 2168 Quocunque
1122 2093 1310 2170 spectaveris,

194 2183 226 2241 in
243 2181 393 2240 doloribus
416 2181 501 2258 quasi
523 2201 688 2259 puerperae
712 2188 782 2241 tunc
805 2182 895 2241 fuisse
918 2180 1059 2239 mundum
1081 2180 1222 2239 invenies.
1252 2181 1310 2241 Ne·

195 2291 251 2349 que
275 2270 362 2329 aliter
385 2270 415 2328 in
438 2270 604 2328 Britannia.
651 2268 787 2331 Eundem
817 2269 895 2328 enim
924 2270 1061 2329 fortunae
1092 2269 1204 2328 exitum
1232 2269 1311 2343 tulit,

196 2381 282 2439 quem
305 2360 416 2418 multae
439 2358 515 2418 aliae
537 2357 655 2434 imperii
677 2357 804 2417 Romani
828 2358 1007 2437 provinciae.
1052 2358 1129 2420 Nam
1151 2359 1230 2418 bona
1252 2359 1312 2432 illa,

195 2470 283 2527 quam
307 2448 446 2508 extremis
469 2447 586 2525 imperii
608 2447 737 2507 Romani
760 2447 882 2507 saeculis
904 2446 936 2505 in
957 2447 1117 2507 Britannia
1139 2447 1312 2522 invenimus,

196 2538 336 2598 ecclesiae
353 2537 485 2597 condicio
501 2536 597 2596 medio
621 2537 682 2596 fere
705 2537 821 2596 saeculo
846 2536 949 2614 quinto
973 2537 1072 2597 subito
1095 2557 1237 2598 conversa
1261 2544 1313 2610 est,

196 2649 261 2687 cum
283 2624 379 2704 Angli
402 2626 591 2702 Saxonesque
615 2627 725 2704 pagani
747 2626 936 2686 Britanniam
964 2626 1157 2700 invasissent,
1188 2635 1219 2688 et
1246 2627 1314 2686 Bri·

195 2725 279 2778 tones
303 2716 340 2774 ab
363 2716 400 2775 iis
422 2716 527 2792 rejecti
548 2716 659 2793 partim
682 2716 880 2775 occidentales
896 2716 1071 2776 Britanniae
1091 2717 1202 2794 partim
1218 2725 1313 2776 trans·

196 2806 325 2866 marinas
349 2803 466 2865 Galliae
496 2805 631 2883 regiones
662 2811 763 2883 petere
792 2810 967 2882 cogerentur
990 2804 1107 2881 (Gildas
1129 2805 1197 2866 hist.
1220 2808 1238 2885 ξ
1263 2805 1313 2878 25,

196 2919 223 2975 p.
242 2897 306 2972 39).
352 2893 442 2954 Α555
466 2896 556 2955 etiam
580 2895 644 2953 455
668 2894 795 2955 testibus
819 2895 974 2955 annalibus
997 2894 1155 2954 Oambriae
1178 2896 1227 2970 (de
1250 2894 1313 2971 qui·

195 2986 251 3044 bus
274 2985 310 3042 cf.
334 2983 448 3058 Schdll,
479 3006 508 3063 p.
534 2986 574 3043 37
599 2987 656 3062 sq.)
683 2981 797 3064 puecha
826 2983 1059 3045 commutatam
1082 2992 1123 3044 555
1145 3004 1212 3044 cum
1230 3004 1315 3066 papo

196 3071 295 3134 Leone
325 3071 459 3155 episcopo
491 3070 605 3133 Romae
629 3074 681 3149 (Η.
705 3074 764 3132 and
788 3073 830 3133 St.
854 3073 905 3147 H,
939 3076 953 3132 l
981 3074 1116 3134 addenda
1138 3094 1167 3151 p.
1190 3073 1313 3150 XXH),

196 3163 248 3223 sed
270 3167 380 3240 postea,
405 3163 461 3222 etsi
484 3163 753 3239 frequentissimum
776 3163 981 3222 commercium
1006 3184 1071 3223 cum
1087 3162 1187 3222 Gallia
1209 3164 1314 3222 saltem

197 3274 263 3312 cum
285 3252 443 3311 Armorica
467 3252 527 3328 (cui
550 3251 636 3310 hodie
660 3272 766 3310 nomen
789 3258 834 3310 555
857 3249 1019 3332 Bretague)
1043 3252 1217 3311 Britonibus
1239 3271 1312 3308 nun·

198 3362 286 3420 quam
317 3342 457 3401 nonfuit
488 3342 536 3417 (cl.
559 3341 638 3399 infra
666 3348 696 3400 et
718 3341 858 3415 Warren,
889 3365 918 3420 p.
943 3341 983 3399 58
1008 3343 1084 3418 sqq.)
1112 3340 1222 3398 nullam
1245 3338 1313 3397 Bri-

196 3439 280 3491 tones
305 3450 370 3490 cum
401 3432 506 3490 ceteris
537 3430 697 3490 occidentis
726 3430 814 3490 terris
837 3432 947 3490 nullam
970 3450 1036 3490 cum
1058 3429 1201 3488 Romanis
1224 3428 1313 3486 socie·

197 3527 289 3580 tatem
313 3519 450 3580 habuisse
472 3520 612 3579 videntur
634 3519 727 3579 donec
750 3541 827 3579 anno
844 3520 906 3578 597
929 3519 1116 3596 Augustinus
1139 3517 1170 3575 in
1192 3516 1313 3576 Britan·

197 3610 276 3669 niam
299 3609 389 3669 venit.

198 3839 262 3874 cum
291 3818 353 3872 aliis
384 3835 584 3888 comparemus.
623 3817 697 3873 Satis
726 3820 763 3872 sit
790 3833 1034 3882 commemorasse,
1063 3817 1135 3870 illud
1162 3816 1314 3882 „bominem

195 3891 321 3960 fectum“
348 3894 377 3943 et
400 3891 471 3943 illud
495 3908 532 3955 „c
554 3908 604 3958 quo
622 3893 663 3944 cet
685 3907 761 3944 omae
784 3889 974 3958 minumum
999 3887 1119 3956 denique
1148 3889 1220 3941 illud
1247 3903 1315 3955 „per

197 3963 289 4031 ipsam
304 3961 473 4030 (Christum)
484 3961 563 4030 facta
575 3965 640 4016 auat
657 3960 773 4016 55555555
792 3961 833 4031 [55
845 3959 1031 4029 invisibilia]“
1044 3975 1099 4013 non
1112 3959 1167 4013 nisi
1179 3960 1209 4013 in
1221 3959 1313 4011 orien-

198 4032 301 4086 talibus
322 4032 456 4100 symbolis
476 4037 505 4086 et
523 4035 598 4101 apud
616 4034 708 4101 ipsum
728 4032 877 4085 Irenaeum
896 4030 1025 4083 inveniri.

288 4121 384 4175 1Vim
410 4140 487 4175 suam
514 4122 618 4190 accipit
643 4122 713 4175 haec
737 4138 792 4174 vox
816 4119 1032 4188 haudquaquam
1061 4135 1094 4171 ex
1122 4117 1315 4172 controversia

197 4194 318 4262 quadam
337 4193 372 4246 de
392 4198 519 4262 tempore
539 4193 605 4246 festi
624 4191 765 4261 paschalis
784 4191 833 4244 sed
851 4190 930 4254 inde,
960 4191 1035 4259 quod
1059 4193 1176 4258 propter
1200 4205 1313 4254 compu-

196 4265 278 4319 tandi
291 4264 488 4319 difficultatem
501 4266 597 4318 variae
610 4264 713 4332 passim
733 4263 762 4316 in
781 4262 901 4315 ecclesia
920 4263 1051 4315 universa
1069 4264 1150 4314 erant
1168 4259 1314 4329 opiniones

196 4337 252 4391 vid.
272 4336 336 4392 infr.
