3024 4920
719 186 932 244 ,52-

269 370 349 429 11000
376 367 463 426 Brito
490 366 580 426 fuisse
604 366 737 438 videtur,
774 364 852 442 quod
884 364 1071 441 sagacissime
1101 366 1235 442 profecto
1258 363 1391 426 varinus

268 459 387 534 collegit
419 478 453 514 ax
485 456 530 515 his
560 455 701 533 Prosperi
729 455 828 515 verbis
857 455 969 530 (chron.
993 476 1063 513 ann.
1088 455 1151 511 429
1176 474 1223 532 op.
1247 454 1291 513 ed.
1315 454 1391 513 Bas·

268 548 333 607 sani
356 547 381 619 I,
405 568 434 624 p.
451 547 524 618 401,
548 545 587 603 H.
612 545 671 602 and
694 544 737 604 St.
754 544 780 618 1,
803 566 833 621 p.
852 546 917 622 16);
953 542 994 603 acl
1016 542 1157 603 actionem
1179 540 1304 602 Palladi
1325 541 1390 602 dia-

268 635 334 696 coni
361 631 453 714 Papa
486 629 657 693 Caelestinus
794 627 1054 694 Germanum
1078 631 1136 692 0100
1165 653 1220 691 000
1249 630 1335 692 mittit
1365 640 1392 690 et

268 722 425 785 deturbatis
444 720 593 783 lunaticis
608 719 784 782 Britannica
806 721 849 781 ad
871 719 1043 781 catholicam
1054 720 1151 804 fidem
1174 719 1282 801 diripit.
1313 722 1392 782 Nam

269 813 340 891 quid
363 813 513 884 Palladia,
550 811 627 870 sedis
656 813 836 890 apostolicae
864 812 1001 884 diacono,
1037 810 1203 870 commercii
1231 817 1297 870 erat
1325 830 1392 868 cum

268 902 453 975 Britonibus,
478 901 534 960 nisi
558 900 621 976 ipse
646 908 710 961 erat
732 885 850 960 Bricoe'

357 991 402 1049 At
425 990 507 1049 dicat
529 991 655 1049 fortasse
680 990 827 1068 quispiam
851 989 919 1048 huic
947 997 1064 1050 nostrae
1092 989 1258 1049 sententiae
1281 1009 1392 1068 repug-

269 1102 339 1139 nare
368 1079 558 1139 confessionis
580 1078 707 1137 Patricii
735 1100 898 1156 sermonem
928 1101 962 1138 ac
989 1080 1099 1156 stylum
1127 1079 1272 1138 incultum
1300 1083 1393 1155 atque

268 1169 451 1247 impeditum.
498 1165 596 1242 Atqui
627 1168 765 1227 librarios
797 1175 914 1228 accuset
943 1190 1003 1227 non
1032 1169 1211 1241 Patricium,
1242 1189 1310 1226 nam
1340 1167 1393 1244 qui

269 1258 317 1317 dei
341 1264 372 1316 et
395 1258 597 1336 apostolorum
620 1258 713 1315 verba
736 1258 766 1315 in
790 1258 916 1317 latinum
945 1259 1107 1317 transferre
1134 1257 1233 1336 potuit
1257 1258 1315 1335 (ep.
1343 1258 1392 1329 11,

268 1370 297 1426 p.
324 1349 400 1424 319)
421 1347 498 1405 idem
528 1346 560 1404 in
591 1345 693 1424 lingua
717 1347 811 1406 latina
834 1347 915 1405 rudis
940 1352 1028 1422 atque
1051 1347 1156 1424 hospes
1181 1367 1242 1406 esse
1267 1346 1318 1406 vix
1340 1366 1393 1424 po-

269 1436 336 1497 tuit.
369 1437 457 1509 Quod
473 1456 537 1494 cum
562 1437 751 1495 manifestum
776 1437 822 1509 sit,
846 1437 952 1495 omitto
976 1436 1057 1512 loqui
1081 1437 1117 1494 de
1140 1436 1177 1494 iis
1201 1434 1393 1494 confessionis

186 1537 188 1540 ⁴
268 1525 367 1584 verbis
392 1526 432 1602 (p.
450 1525 537 1601 298),
572 1545 608 1582 ex
639 1525 746 1600 quibus
777 1525 932 1584 Ebrardus
965 1528 1006 1603 (p.
1027 1525 1091 1582 485
1116 1527 1248 1602 00116)
1277 1523 1394 1584 studuit

269 1615 394 1685 efficere,
419 1614 516 1690 ipsum
532 1612 697 1672 Patricium
714 1634 776 1673 0000
793 1616 956 1674 confessum
972 1635 1003 1674 se
1023 1614 1127 1672 rudem
1150 1634 1213 1672 esse
1236 1614 1268 1670 in
1290 1614 1394 1690 lingna

268 1703 370 1762 latina.
416 1704 493 1763 Nam
522 1702 692 1762 obscuriora
723 1724 785 1762 esse
815 1704 867 1762 illa
891 1704 984 1763 verba
1013 1704 1038 1762 is
1066 1707 1129 1779 jam
1153 1703 1305 1780 cognovit,
1342 1702 1395 1779 qui

268 1792 377 1850 librum
402 1790 645 1850 Ardmachanum
669 1792 857 1870 conscripsit,
886 1814 955 1851 nam
977 1791 1154 1864 ‚,incertus“,
1179 1791 1278 1868 inquit
1300 1787 1395 1864 „liber

269 1877 336 1940 laie“
354 1882 405 1957 (H.
423 1880 481 1938 and
497 1878 541 1938 St.
556 1880 599 1953 II,
617 1884 646 1955 2,
666 1904 695 1959 p.
713 1882 778 1939 298
794 1888 855 1940 not.
873 1884 937 1959 21).
968 1882 1107 1940 Profecto
1130 1881 1280 1954 incertior,
1304 1901 1395 1957 quam

269 1978 315 2042 01,
347 1969 418 2047 quid
442 1970 499 2028 sibi
523 1970 616 2028 velint
638 1972 746 2044 verba,
779 1972 915 2048 cognosci
937 1971 1038 2049 possit.
1085 1971 1193 2047 Itaque
1217 1991 1272 2029 nec
1296 1989 1394 2028 sermo

269 2066 321 2118 aut
347 2061 439 2134 stylus
461 2059 651 2118 confessionis
674 2060 809 2138 impedit,
833 2061 989 2136 quominus
1005 2061 1174 2119 Palladium
1190 2060 1314 2118 eundem
1331 2078 1395 2117 esse

269 2154 406 2225 putemus
430 2153 519 2223 atque
542 2148 715 2207 Patricium.

360 2237 443 2310 Quae
467 2257 532 2294 cum
555 2236 599 2295 ita
623 2239 690 2310 sint,
714 2237 764 2297 vix
780 2238 939 2315 disceptari
962 2243 1071 2316 potest,
1095 2243 1195 2296 utrum
1212 2236 1303 2310 Scoti,
1327 2257 1395 2295 cum

269 2326 412 2403 Prosperi
436 2325 635 2384 narrationem
660 2333 869 2402 cognoscentes
891 2326 1056 2386 Patricium
1085 2349 1102 2386 a
1126 2326 1295 2385 Caelestino
1326 2326 1396 2385 mis-

268 2436 333 2473 sum
357 2435 419 2474 asse
443 2414 605 2489 finxerunt,
638 2438 654 2474 a
678 2417 803 2475 veritate
834 2416 1010 2475 deflexerint
1041 2437 1079 2474 an
1111 2416 1211 2494 potius
1241 2415 1327 2474 inscii
1358 2415 1398 2473 ad

270 2505 428 2562 veritatem
451 2505 590 2581 proprius
614 2504 792 2564 adduxerint
815 2505 939 2565 Patricii
963 2505 1125 2564 historiam.

358 2593 435 2654 Nam
451 2598 551 2651 utrum
567 2594 715 2673 Prospero
731 2616 769 2653 an
786 2595 918 2654 obscuris
934 2595 1028 2672 ipsius
1043 2595 1169 2655 Patricii
1185 2594 1284 2655 verbis
1301 2596 1397 2670 major

271 2682 343 2740 fides
375 2681 511 2740 habenda
542 2683 593 2756 sit,
624 2683 763 2742 dubitare
795 2685 874 2742 licet.
919 2683 1066 2742 Attamen
1094 2689 1207 2742 certum
1236 2690 1280 2743 001
1303 2683 1396 2741 haud-

269 2791 418 2848 quaquam
444 2771 487 2829 ita
512 2772 632 2831 missum
649 2793 712 2830 0000
728 2773 893 2830 Patricium
918 2776 951 2829 01
973 2773 1188 2849 posterioribus
1211 2771 1397 2850 temporibus

270 2861 362 2938 legati
398 2860 479 2919 missi
514 2869 584 2920 sunt
622 2862 659 2920 ab
695 2862 840 2940 episcopis
874 2861 1018 2920 Romanis
1052 2864 1090 2921 ad
1124 2882 1264 2941 paganos.
1318 2861 1397 2921 Nam

273 2950 401 3008 alienum
426 2955 470 3008 001
493 2951 602 3009 0000011
626 2951 724 3028 quinti
747 2952 835 3009 rebus
858 2971 953 3027 neque
978 2952 1154 3010 confessioni
1177 2949 1303 3010 Patricii
1327 2969 1396 3008 con·

268 3039 358 3114 gruit.
405 3038 497 3096 Haud
527 3040 587 3098 scio
620 3059 658 3097 an
688 3040 756 3097 inde
787 3046 853 3098 orta
886 3040 926 3098 sit
956 3040 1099 3118 Prosperi
1128 3039 1275 3112 narratio,
1316 3038 1397 3115 quod

268 3126 427 3199 Patricius,
453 3147 518 3184 cum
541 3127 632 3187 variis
657 3128 773 3187 casibus
794 3131 925 3204 jactatus
949 3149 1019 3188 casu
1039 3129 1165 3188 Romam
1188 3127 1327 3200 venisset,
1351 3127 1396 3186 ibi

271 3215 394 3274 consilio
418 3235 471 3274 suo
494 3215 526 3274 in
542 3216 719 3275 Hiberniam
743 3217 905 3295 navigandi
929 3237 995 3276 cum
1010 3218 1154 3277 Romanis
1169 3218 1216 3277 vel
1240 3237 1305 3275 cum
1329 3216 1396 3294 ipso

267 3326 356 3383 papa,
380 3305 406 3363 si
429 3306 536 3379 mavis,
563 3307 776 3366 communicato
800 3307 830 3364 10
854 3307 1095 3385 presbyterorum
1119 3308 1166 3366 vel
1190 3306 1396 3385 episcoporum
1432 3384 1433 3387 Ἰ

268 3415 421 3451 numerum
456 3401 592 3473 receptus
628 3403 681 3454 est.
746 3396 790 3454 At
825 3397 1002 3472 conjecturis
1036 3396 1168 3473 gaudere
1204 3416 1249 3454 me
1285 3395 1396 3454 taedet.

267 3483 350 3558 Ergo
374 3483 446 3541 haec
468 3483 619 3543 hactenns.
666 3484 752 3545 Licet
776 3486 807 3543 in
832 3485 923 3544 dubio
951 3484 1144 3562 relinquatur,
1174 3484 1246 3561 quid
1269 3483 1306 3542 de
1335 3485 1395 3543 sin·

267 3572 344 3649 gulis
368 3571 510 3648 Prosperi
533 3572 632 3632 verbis
653 3572 846 3650 judicandum
870 3574 922 3646 sit,
955 3574 1201 3633 verisimillimum
1224 3580 1324 3632 tamen
1349 3577 1397 3631 est

267 3660 452 3733 Palladium,
484 3663 519 3721 de
543 3682 601 3738 quo
626 3663 791 3742 Prosperus
816 3662 994 3722 mentionem
1016 3664 1100 3737 fecit,
1132 3664 1223 3722 alium
1247 3683 1306 3721 non
1330 3681 1395 3721 0000

267 3961 294 4012 p.
317 3943 377 4008 428,
401 3946 460 3996 not.
485 3943 530 4011 17)
554 3960 627 3996 0000
647 3943 700 3997 432
722 3942 861 3996 Patricius
889 3943 919 3996 in
942 3941 1110 3997 Hiberniam
1128 3944 1215 3997 venit.
1254 3943 1296 3996 At
1314 3942 1393 3997 dicat

268 4015 407 4082 quispiam
426 4014 555 4082 Logairii
575 4031 661 4067 annos
681 4018 858 4081 computasse
878 4014 992 4067 annales
1012 4014 1196 4068 Ultcnienses
1217 4019 1301 4085 (saco.
1316 4013 1390 4082 XII)

267 4103 324 4136 non
344 4086 403 4136 sine
423 4085 522 4138 habita
540 4083 663 4138 Palladii
683 4086 816 4138 historiae
836 4085 953 4138 ratione.
992 4086 1081 4154 Atqui
1105 4086 1156 4139 illo
1182 4085 1243 4140 fere
1263 4090 1393 4152 tempore

266 4155 430 4222 Logairium
456 4173 589 4226 regnasse
618 4157 792 4210 demonstrat
817 4157 969 4226 Gatalogus
996 4157 1048 4211 SS.
1075 4157 1143 4210 Hib.
1173 4162 1238 4210 ante
1268 4157 1394 4210 medium

266 4229 409 4280 saeculum
439 4235 571 4281 octavum
601 4229 777 4296 conscriptus
806 4244 897 4294 neque
927 4227 1050 4282 Palladii
1078 4230 1250 4282 mentionem
1285 4228 1393 4281 faciens

267 4297 318 4367 (0.
338 4299 394 4352 ans
414 4297 455 4351 su
470 4298 509 4364 n,
524 4300 549 4363 a,
569 4316 597 4367 p.
612 4297 686 4367 aar).
