3024 4920
646 207 864 264 ...68-

197 387 309 446 dictum
332 398 376 431 ὲ-
399 386 487 442 unius
511 385 674 443 Columbae
697 383 906 454 Luxoviensis,
938 385 1022 458 cujus
1053 383 1165 460 scripta
1188 383 1324 442 omnium

196 475 352 536 Scotorum
375 474 507 551 exceptis
529 473 656 532 Patricii
679 472 885 549 antiquissima
909 477 991 544 sunt,
1020 472 1056 529 de
1080 471 1143 531 vita
1166 473 1322 532 eremitica

194 565 287 637 dicta,
321 583 396 640 quae
420 563 498 620 infra
522 563 840 632 commemorabuntur,
871 560 978 619 idonea
1009 567 1090 633 sunt,
1115 581 1192 637 quae
1214 560 1322 621 Skenii

196 653 366 731 opinionem
389 652 514 709 diluant.
553 650 700 727 Equidem
724 649 806 709 aliud
826 650 914 708 fuisse
931 654 1045 708 sextum
1061 649 1143 707 aliud
1158 650 1320 728 septimum

195 741 334 801 ecclesiae
355 739 512 799 Scotorum
535 740 683 798 saeculum
707 739 865 796 concedere
889 758 947 795 non
970 758 1098 816 possum,
1122 744 1203 797 certe
1226 739 1321 797 eccle·

196 830 333 890 siasticae
350 828 506 888 Scotorum
529 828 671 886 historias
694 829 791 886 fontes
814 827 889 885 tales
913 830 971 884 nori
994 834 1071 900 sunt,
1095 834 1129 886 ut
1152 847 1206 885 nos
1221 827 1321 886 adhuc

196 919 285 977 hodie
316 918 374 975 duo
404 918 456 974 illa
486 917 604 975 saecula
632 916 799 974 discernere
826 916 979 992 possimus.
1025 915 1107 992 Ergo
1130 916 1167 973 de
1190 921 1323 994 utroque

196 1009 312 1066 saeculo
342 1006 446 1065 iisdem
476 1005 575 1064 verbis
606 1005 763 1063 dicendum
793 1009 838 1063 est
868 1025 964 1081 neque
987 1025 1062 1081 opus
1091 1011 1137 1063 est
1166 1025 1322 1080 quaerere,

195 1102 296 1155 utrum
311 1094 507 1154 Adamnanus
531 1094 721 1153 eremitarum
744 1093 925 1153 mentionem
947 1094 1059 1153 faciens
1078 1114 1182 1152 revera
1201 1095 1323 1153 locutus

194 1185 234 1244 sit
257 1185 293 1243 de
321 1189 420 1242 aetate
443 1182 605 1241 Columbae
627 1203 666 1241 an
689 1182 726 1240 de
749 1202 803 1241 sua
826 1181 928 1259 ipsius.
974 1181 1054 1241 Satis
1077 1182 1220 1241 habemus
1243 1183 1322 1241 scire

194 1273 284 1332 fuisse
315 1272 394 1350 apud
422 1270 527 1330 Scotos
557 1271 637 1331 intra
659 1270 707 1330 VI
735 1278 765 1329 et
789 1270 871 1329 VIII
903 1272 1051 1330 saeculum
1082 1271 1233 1344 eremitas,
1266 1271 1320 1348 qui

194 1362 301 1420 remoti
330 1363 369 1420 ab
395 1360 547 1418 hominum
575 1359 731 1418 domiciliis
758 1361 847 1435 plane
875 1360 1038 1419 solitariam
1066 1359 1159 1418 vitam
1187 1360 1322 1436 agebant

195 1449 337 1526 (Adamn.
365 1450 418 1508 vit.
442 1448 505 1508 Col.
533 1450 560 1521 l,
585 1450 636 1520 39,
665 1470 695 1526 p.
719 1449 800 1519 211;
831 1449 860 1521 3,
886 1450 1014 1526 102,.Ρ.
1040 1448 1126 1523 235).
1173 1447 1233 1507 Sed
1261 1447 1318 1506 hoc

195 1538 316 1596 minime
339 1538 491 1616 proprium
516 1543 581 1596 erat
597 1537 760 1609 Scotorum,
783 1557 879 1612 neque
902 1537 1179 1596 commemoratione
1194 1537 1319 1613 dignum

195 1632 283 1699 esset,
308 1627 364 1685 nisi
387 1627 426 1684 ab
449 1626 495 1684 his
519 1626 650 1684 eremitis
673 1627 722 1684 vel
745 1646 781 1684 ex
804 1626 920 1698 eodem,
945 1646 1003 1703 quo
1027 1626 1167 1684 eremitae
1191 1645 1320 1684 commo·

194 1715 355 1788 vehantur,
384 1715 593 1774 monachorum
623 1716 739 1774 fervore
769 1715 935 1792 profectum
967 1721 1044 1774 esset
1070 1714 1194 1773 tertium
1216 1733 1320 1772 mona·

194 1805 315 1863 chorum
338 1823 431 1880 genus
456 1839 498 1849 -
521 1804 782 1881 peregrinantium.

283 1893 351 1951 Hoc
367 1892 522 1952 Scotorum
545 1893 698 1969 proprium
715 1897 786 1964 erat,
810 1896 915 1968 utpote
931 1897 1029 1950 ortum
1045 1912 1081 1949 ex
1096 1892 1162 1969 ipso
1177 1892 1322 1951 ecclesiae

193 1981 376 2040 Hibernicae
400 1986 489 2040 statu.
527 1981 604 2041 Nam
625 2001 691 2039 cum
707 1981 738 2038 in
754 1981 821 2038 aliis
837 1981 976 2039 ecclesiae
992 1980 1137 2058 partibus,
1161 1981 1192 2038 in
1209 1980 1321 2057 quibus

193 2071 380 2129 monasteriis
404 2071 485 2128 nulla
509 2091 575 2128 cum
598 2070 770 2146 regionibus
793 2070 853 2128 suis
876 2069 1062 2129 necessitudo
1083 2076 1157 2142 erat,
1180 2069 1319 2128 monachi

193 2165 351 2236 postquam
383 2159 507 2235 collegio
537 2159 748 2217 monachorum
779 2165 977 2231 accesserunt,
1010 2158 1151 2217 mundum
1180 2157 1321 2235 effugisse

194 2247 251 2306 sibi
274 2247 455 2319 viderentur,
479 2247 558 2324 apud
582 2246 686 2306 Scotos
710 2267 810 2305 omnes
834 2247 864 2319 ii,
888 2247 940 2322 qui
962 2245 1149 2306 attaminatos
1171 2265 1190 2304 a
1205 2245 1322 2306 mundo

193 2355 223 2395 ae
245 2333 389 2395 ctutodire
411 2335 580 2413 cupiebant,
604 2336 695 2393 iniis
718 2335 915 2408 monasteriis,
939 2356 1015 2412 quae
1039 2335 1136 2394 medio
1160 2335 1191 2393 in
1206 2337 1322 2414 populo

194 2424 314 2483 condita
337 2431 430 2496 erant,
454 2424 517 2483 voti
533 2425 579 2482 sui
596 2429 745 2502 compotes
759 2424 824 2483 fieri
840 2444 900 2482 non
915 2431 1063 2501 poterant.
1101 2425 1189 2484 Unde
1205 2425 1318 2484 factum

194 2519 247 2585 est,
270 2519 304 2570 ut
328 2514 475 2589 permulta
498 2512 677 2572 monasteria
700 2513 953 2572 constituerentur
974 2514 1005 2572 in
1028 2513 1133 2572 insulis
1153 2516 1241 2588 juxta
1261 2513 1320 2572 Hi·

193 2601 314 2659 herniae
338 2621 419 2659 oram
443 2602 508 2660 sitis
532 2601 642 2676 (Skene
665 2602 708 2676 ΙΙ,
733 2624 761 2680 p.
787 2604 827 2659 62
853 2605 918 2679 sq.).
956 2601 1021 2661 Alii
1045 2602 1163 2661 omnino
1187 2601 1319 2679 patriam

194 2691 362 2748 deserentes
385 2689 488 2767 paucis
512 2710 577 2748 cum
600 2691 687 2749 sociis
710 2691 741 2748 in
761 2691 864 2750 insulis
884 2693 997 2766 majore
1012 2691 1170 2750 intervallo
1186 2711 1204 2749 a
1219 2690 1322 2769 patria

193 2779 316 2837 remotis
350 2780 397 2837 vel
432 2779 463 2836 in
497 2779 561 2856 ipso
597 2779 693 2837 medio
724 2779 841 2837 Oceano
877 2780 964 2838 cellas
999 2780 1057 2838 sibi
1088 2786 1320 2838 construxerunt

192 2867 334 2944 (Adamn.
358 2867 411 2927 vit.
436 2867 498 2926 Col.
518 2870 544 2940 1,
570 2867 598 2940 5,
621 2890 649 2946 p.
668 2870 745 2940 200;
774 2870 821 2940 10,
844 2890 873 2946 p.
891 2869 964 2941 202,
989 2869 1024 2926 cf.
1048 2867 1091 2941 Π,
1117 2871 1168 2941 76,
1191 2890 1220 2946 p.
1238 2868 1321 2939 224;

196 2959 223 3029 1,
250 2958 298 3028 19,
321 2977 350 3033 p.
368 2955 432 3014 204
457 2963 494 3015 et.
518 2957 612 3032 alibi),
636 2957 687 3015 alii
710 2959 758 3017 vel
781 2958 838 3016 soli
861 2956 1004 3033 '(Adamn.
1024 2959 1050 3030 l,
1069 2959 1096 3029 3,
1120 2978 1150 3034 p.
1169 2957 1245 3032 197)
1269 2957 1318 3016 vel

193 3065 259 3102 cum
290 3044 376 3102 sociis
403 3050 438 3102 ut
461 3051 586 3120 uterque
610 3045 755 3105 Columba
779 3047 1000 3123 emigraverunt
1022 3044 1053 3103 in
1077 3045 1188 3104 alienas
1212 3053 1321 3104 terras.

195 3133 297 3204 Tales,
329 3132 380 3208 qui
403 3133 508 3192 relicta
530 3133 629 3209 patria
644 3132 925 3213 peregrinabantur,
953 3155 1028 3212 opus
1052 3141 1082 3193 et
1106 3133 1225 3193 Christo
1248 3154 1317 3210 gra·

195 3221 341 3280 tissimum
358 3227 388 3279 et
404 3220 477 3298 ipsis
493 3221 677 3280 salutiferum
694 3222 820 3281 edidisse
835 3225 1028 3301 putabantur,
1045 3244 1113 3281 narn
1123 3242 1184 3302 pro
1203 3217 1321 3282 Clnu'sto

193 3310 462 3388 peregrinabantur
485 3310 627 3385 (Adamn.
646 3313 673 3384 1,
691 3313 719 3383 3,
742 3332 771 3389 p.
792 3313 863 3384 197,
887 3314 922 3370 cf.
938 3312 1023 3370 Beda
1037 3312 1065 3370 h.
1083 3333 1107 3370 e.
1125 3313 1153 3384 3,
1171 3311 1191 3368 4
1216 3311 1233 3388 ἓ
1253 3312 1314 3369 161
1401 3305 1406 3314 ’

165 3453 166 3456 ,
193 3406 223 3458 01
241 3399 269 3471 5,
287 3401 305 3455 9
324 3399 341 3475 ξ
360 3401 436 3474 376)
453 3401 509 3458 vel
532 3399 574 3458 od
596 3396 721 3459 delendo
736 3399 908 3481 peccamina
924 3399 1064 3476 (Adamn.
1083 3401 1110 3472 2,
1129 3401 1179 3472 70,
1195 3421 1224 3477 p.
1242 3401 1319 3472 222,

194 3489 230 3546 cf.
250 3490 276 3559 1,
294 3489 345 3559 21,
368 3510 397 3566 p.
415 3488 500 3564 205).
539 3489 586 3546 De
610 3508 668 3563 qua
691 3508 723 3546 re
746 3491 859 3548 nullum
880 3494 979 3547 exstat
993 3489 1098 3547 melius
1113 3487 1318 3548 testimonium

195 3596 284 3653 quam
306 3576 425 3634 libellus
448 3576 498 3634 ille
521 3576 558 3634 de
581 3576 643 3635 vita
665 3576 826 3637 Columbae
842 3577 976 3636 Hiiensis
999 3577 1042 3636 ita
1066 3577 1258 3654 conscriptus,
1282 3582 1317 3637 ut

194 3664 288 3724 vitam
311 3664 460 3724 intexeret
483 3664 612 3724 orationi
634 3666 744 3742 partim
765 3667 858 3726 latino
875 3666 985 3743 partim
1001 3666 1165 3724 Hibernico
1182 3685 1316 3724 sermone

193 3755 230 3813 de
247 3752 354 3812 Cenes.
372 3750 423 3826 12,
443 3752 457 3810 1
483 3754 604 3813 habitae
627 3756 675 3829 (cf.
693 3775 772 3832 supr.
788 3777 817 3832 p.
835 3755 898 3830 54).
937 3754 963 3812 Ε
981 3755 1006 3814 si
1029 3756 1107 3814 enim
1131 3752 1320 3832 temporibus

192 3848 292 3901 aetate
306 3840 467 3901 Columbae
483 3844 571 3920 longe
583 3844 798 3921 posterioribus
811 3843 995 3921 conscriptus
1007 3850 1061 3916 ast,
1078 3850 1179 3903 tamen
1191 3843 1316 3902 eandam

192 3932 230 3990 de
259 3929 475 4008 peregrinando
505 3933 683 3991 sententiam
705 3932 776 3991 tulit
799 3940 888 4008 atque
910 3933 1037 4009 priores,
1067 3933 1157 4009 idque
1181 3948 1318 3990 sermone

192 4025 255 4079 tam
278 4018 420 4077 distincto
444 4026 475 4078 et
497 4020 635 4093 dilucido,
659 4028 693 4079 ut
716 4041 810 4097 pauca
833 4022 1047 4080 transscribere
1070 4021 1144 4079 mihi
1165 4020 1270 4079 liceat:
1302 4093 1304 4096 ι

286 4103 373 4181 Quod
395 4117 493 4169 omem
511 4108 595 4188 putri
603 4105 742 4193 fidelium
759 4108 930 4189 precabitur,
953 4105 1007 4169 boc
1022 4108 1154 4170 omnibus
1163 4105 1239 4193 filiis
1254 4104 1319 4188 ejus

192 4193 376 4276 implendum
398 4195 569 4279 relinquitur
593 4197 703 4274 (Skenc
726 4198 770 4270 ΙΙ,
793 4220 862 4276 app.
885 4220 913 4276 p.
938 4199 1015 4276 469)
1033 4242 1039 4258 .
1056 4245 1063 4261 .
1081 4244 1087 4260 .
1103 4197 1195 4258 tribus
1218 4204 1316 4256 autem

191 4284 288 4346 modia
304 4284 410 4363 patria
432 4286 574 4347 deseritur
594 4289 634 4364 (p.
652 4287 729 4363 461)
747 4329 753 4344 .
770 4329 776 4344 .
793 4284 951 4368 aliquando
974 4287 1050 4348 enim
1068 4287 1173 4369 putria
1194 4303 1320 4369 corpore
