3024 4920
648 192 863 248 „42-

165 363 168 368 ’
193 378 259 430 aaut
281 368 315 428 ia
334 367 414 428 amri
433 366 568 439 Terrena,
592 375 623 426 ut
645 367 706 447 ipse
730 366 804 427 disat
826 366 858 427 in
880 368 1150 430 cmnnrcmorottcrw
1173 367 1316 428 laborum.

193 459 290 536 Ergo,
321 459 346 516 si
369 458 496 534 hymnus
519 457 679 515 'Pirechani
706 458 889 534 temporibus
912 457 1060 517 vetustior
1092 464 1181 531 esset,
1216 465 1317 517 tamen

194 548 376 606 Tirechanus
392 547 623 623 haudquaquam
646 546 784 604 carminis
807 547 899 605 verba
921 547 998 605 male
1021 546 1224 620 intellexisset,
1247 569 1317 606 nam
1416 607 1417 610 ,

194 644 225 696 et
249 644 366 694 carmen
390 642 420 694 et
437 635 618 694 Tirechanus
642 636 732 694 tertio
757 636 884 712 quodam
908 642 1028 695 auctore
1052 637 1098 694 usi
1121 642 1190 695 sunt
1213 656 1316 714 eoque,

195 726 274 804 quod
298 725 417 802 quidem
433 723 616 783 Tirechanus
639 724 767 802 putavit,
790 724 855 803 ipso
871 724 1011 784 Patricio.
1043 725 1159 802 Itaque,
1184 726 1317 802 quando·

185 815 315 892 ,quidem
338 820 436 873 exstat
458 813 490 870 in
513 813 589 871 libro
614 813 823 871 Ardmaohano
848 814 960 872 dictum
983 814 1057 872 illud
1077 814 1203 873 Patricii
1227 835 1318 892 supra

195 907 236 981 (p.
262 904 316 979 34)
339 902 569 980 transcriptum,
605 902 785 961 simillimum
808 902 887 960 haud
910 903 1000 961 dubie
1024 903 1066 976 ei,
1097 922 1155 980 quo
1178 909 1209 961 et
1233 903 1316 961 Pire-

195 993 305 1050 chanus
330 998 360 1050 et
382 990 478 1064 Fieci,
510 991 562 1068 qui
584 991 706 1064 dicitur,
738 991 841 1066 hymni
863 997 952 1068 poeta
975 992 1021 1050 usi
1044 999 1125 1065 sunt,
1154 992 1317 1070 permirum

173 1081 267 1140 -mihi
290 1080 451 1153 videretur,
475 1081 500 1139 si
524 1080 590 1156 quis
615 1080 751 1139 carminis
775 1081 875 1153 verba,
900 1101 975 1158 quae
998 1081 1030 1138 in
1053 1081 1176 1140 eandem
1199 1088 1316 1141 senten-

195 1170 269 1230 tiam
296 1169 391 1247 accipi
418 1175 557 1247 possunt,
589 1176 689 1228 tamen
716 1169 805 1228 aliter
837 1170 1086 1248 interpretaretur
1118 1170 1224 1230 Nonne
1258 1171 1317 1229 duo

195 1266 286 1319 testes
317 1279 452 1318 sermone
483 1258 563 1316 claro
592 1264 622 1316 et
648 1258 746 1317 lucido
774 1258 820 1317 usi
847 1259 937 1317 tertio
965 1260 1088 1318 obscuro
1116 1261 1184 1337 plus
1208 1260 1317 1332 valent,

194 1349 284 1426 idque
302 1369 335 1406 eo
351 1347 456 1424 magis,
480 1367 538 1424 quo
554 1347 670 1406 facilius
685 1348 753 1406 huic
767 1347 887 1405 illorum
902 1348 1050 1407 sententia
1071 1349 1175 1424 subjici
1198 1349 1318 1427 potest?

195 1436 335 1510 Accedit,
369 1436 448 1513 quod
471 1457 565 1514 paene
589 1436 700 1509 omnia,
732 1457 807 1514 quae
834 1472 871 1479 —
897 1437 959 1496 sive
984 1440 1051 1512 jure
1075 1438 1137 1497 sive
1160 1458 1319 1516 perperam

196 1561 238 1572 —
267 1525 398 1584 Patricio
427 1525 626 1599 ascribuntur,
662 1526 763 1602 qualia
790 1547 868 1584 nunc
896 1532 1026 1598 exstant,
1061 1527 1154 1585 latino
1184 1547 1318 1585 sermone

196 1615 364 1691 conscripta
387 1622 469 1688 sunt,
498 1615 623 1692 ideoque
646 1614 855 1693 suspicandum
879 1620 925 1674 est
946 1615 1020 1673 illud
1044 1635 1161 1692 quoque
1184 1615 1318 1687 Patricii,

197 1723 255 1780 quo
279 1703 461 1762 Tirechanus
485 1709 516 1762 et
539 1704 634 1778 Fieci,
667 1705 718 1781 qui
741 1704 862 1778 dicitur,
893 1704 1019 1780 hymnus
1042 1705 1089 1762 usi
1112 1711 1194 1777 sunt,
1225 1705 1319 1764 latine

197 1813 259 1852 esse
287 1793 408 1852 dictum.
455 1792 585 1851 Tantum
613 1794 706 1871 igitur
734 1796 830 1866 abest,
864 1800 899 1852 ut
927 1793 1110 1852 Tirechanus
1137 1793 1169 1851 in
1198 1812 1318 1852 conver·

195 1882 286 1941 tendo
309 1883 385 1940 male
408 1882 589 1941 intellexerit
610 1881 694 1941 Fieci
716 1883 869 1960 hymnum,
904 1888 939 1941 ut
965 1883 1065 1960 potius
1087 1883 1191 1960 hymni
1213 1890 1320 1941 auctor

196 1972 377 2030 accusandus
405 1971 457 2044 sit,
493 1972 572 2048 quod
599 1978 661 2031 tam
689 1973 765 2032 male
792 1971 956 2031 Hiberniae
984 1973 1077 2031 vertit
1105 1972 1216 2031 dictum
1244 1972 1318 2030 illud

194 2060 335 2133 Patricii,
370 2068 404 2120 ut
432 2060 469 2120 de
495 2061 729 2139 interpretandis
762 2061 855 2138 ipsius
883 2060 981 2121 verbis
1010 2061 1070 2120 viri
1097 2061 1179 2120 docti
1206 2061 1319 2120 dissen-

195 2149 254 2208 tire
277 2149 400 2227 possint.

285 2237 381 2314 Ergo,
410 2237 435 2295 si
457 2238 584 2313 hymnus
606 2237 688 2297 Pieci
717 2239 755 2297 ab
778 2239 843 2315 ipso
865 2238 969 2311 Fieco,
1004 2239 1056 2316 qui
1078 2237 1204 2297 Patricii
1230 2238 1318 2297 disci·

195 2327 283 2404 pulus
306 2326 395 2385 fuisse
423 2326 565 2399 traditur,
601 2327 780 2405 compositus
808 2332 897 2400 esset,
932 2328 974 2384 nil
1002 2328 1083 2385 aliud
1111 2328 1320 2405 comprobaret

196 2416 254 2474 nisi
279 2418 341 2490 jam
369 2421 440 2474 tunc
462 2415 588 2474 Patricii
616 2415 690 2474 illud
718 2417 754 2474 de
781 2416 939 2476 itineribus
966 2417 1026 2476 suis
1052 2438 1106 2495 per
1130 2415 1260 2475 Galliam
1288 2422 1320 2475 et

196 2504 317 2563 Italiam
340 2524 404 2562 esse
428 2505 641 2564 circumlatum.
994 2573 996 2578 .
1381 2577 1384 2580 ἢ

287 2591 346 2651 Sed
376 2593 500 2651 dubium
529 2615 588 2652 non
624 2599 682 2667 est,
719 2595 791 2671 quin
826 2596 918 2655 multo
948 2600 1018 2672 post
1052 2594 1235 2678 conscriptus
1271 2594 1319 2653 sit.

197 2682 320 2740 Certum
345 2688 405 2756 est,
440 2703 505 2746 eum
529 2684 625 2742 altera
655 2684 764 2742 saeculi
795 2684 871 2742 sexti
902 2689 988 2761 parte
1015 2684 1144 2762 priorem
1168 2704 1226 2741 non
1256 2703 1320 2742 esse

197 2771 250 2847 (H.
274 2772 332 2829 and
357 2770 400 2830 St.
423 2771 467 2844 II,
485 2773 513 2846 2,
534 2794 563 2850 p.
581 2772 643 2830 360
660 2779 721 2830 not.
739 2775 778 2849 a),
800 2792 926 2844 rursum,
951 2773 1007 2831 etsi
1030 2773 1089 2833 alia
1113 2779 1158 2830 est
1181 2772 1320 2831 carminis

197 2861 256 2920 alia
279 2861 422 2920 historiae
445 2867 566 2935 natura,
597 2866 697 2920 tamen
721 2861 791 2920 licet
814 2861 930 2938 opinari
954 2863 1002 2938 (cf.
1026 2862 1065 2920 Η.
1090 2862 1148 2920 and
1173 2859 1215 2920 St.
1239 2862 1257 2918 l.
1282 2864 1319 2938 c.)

197 2971 264 3008 eum
296 2951 490 3029 compositum
522 2971 601 3028 esse,
637 2953 811 3029 priusquam
841 2952 943 3010 fabula
979 2951 1015 3009 de
1048 2950 1232 3023 Caelestius,
1268 2951 1321 3027 qui

197 3038 363 3097 Patricium
391 3039 527 3113 misisset,
557 3041 636 3117 apud
659 3060 761 3098 omnes
784 3040 937 3117 divulgata
964 3048 1050 3100 esset.
1095 3039 1181 3097 Intra
1204 3046 1320 3100 sextum

198 3128 291 3204 igitur
314 3129 462 3185 saeculum
486 3135 515 3185 et
539 3148 648 3186 nonum
673 3129 856 3207 conscriptus
884 3134 937 3188 est.
984 3127 1043 3188 Sed
1071 3149 1169 3205 spero,
1200 3148 1320 3186 accura-

198 3217 258 3275 tius
282 3221 400 3294 tempus
423 3236 509 3293 posse
534 3215 658 3275 definiri.
704 3218 751 3276 De
779 3238 837 3294 qua
864 3239 896 3276 re
920 3219 1011 3278 verba
1034 3217 1167 3276 dicturus
1191 3218 1229 3275 ab
1252 3238 1320 3275 exa-

198 3304 338 3363 minanda
369 3303 472 3365 Skenii
502 3305 650 3365 sententia
683 3306 802 3365 initium
837 3308 953 3366 faciam.
1011 3305 1206 3382 Saganissime
1242 3306 1321 3364 enim

199 3393 334 3468 Skenius,
359 3395 477 3472 quando
492 3394 576 3453 Fieci
591 3394 717 3472 hymnus
734 3396 913 3474 compositus
934 3402 1020 3467 esset,
1044 3395 1182 3470 colligere
1206 3395 1322 3453 studuit

200 3505 235 3542 ex
259 3485 396 3542 extremis
415 3504 510 3561 paene
526 3484 663 3544 carminis
679 3485 779 3546 verbis
794 3486 876 3544 hisce
894 3485 945 3560 (Η.
958 3484 1016 3542 and
1030 3483 1073 3542 St.
1086 3483 1129 3556 II,
1143 3485 1171 3556 2,
1187 3505 1216 3561 p.
1231 3485 1321 3561 361):

252 3567 346 3631 When
368 3569 490 3631 Putriclc
512 3581 586 3632 went
609 3575 664 3648 (=
682 3574 769 3650 obiit)
793 3571 827 3633 he
850 3571 951 3632 visited
973 3570 1018 3632 rte
1040 3569 1119 3632 otlaer
1141 3569 1277 3642 Patrocle,

243 3659 265 3719 a
288 3659 313 3719 is
336 3658 461 3740 toqether
484 3657 547 3741 they
569 3661 712 3724 ascendat
734 3671 762 3723 to
786 3657 884 3732 lesan,
909 3659 1022 3744 Mury's
1046 3658 1116 3720 Son.

199 3749 349 3810 Mirabilia
372 3750 444 3808 haec
467 3751 566 3810 verha.
613 3752 689 3812 Nam
714 3752 780 3830 quis
804 3756 848 3809 est
870 3751 920 3809 ille
943 3752 1019 3809 alter
1042 3749 1212 3809 Patricius?
1248 3749 1321 3809 Ske-

200 3840 266 3897 nius
290 3837 345 3912 (II,
369 3860 397 3916 p.
423 3839 486 3896 438
510 3861 575 3916 sqq.
599 3847 629 3900 et
654 3841 718 3899 428
742 3843 798 3918 sq.)
828 3841 952 3898 alterum
979 3839 1143 3898 Patricium
1167 3839 1226 3910 vel,
1263 3859 1322 3914 quo

200 3928 317 3986 nomine
344 3928 523 4005 posteriores
547 3935 684 4002 utuntur,
720 3949 836 4002 „senem
860 3928 1050 4002 Patricium‘,
1085 3931 1169 4003 cujus
1195 3927 1323 4006 primam

201 4016 380 4075 mentionem
408 4024 523 4077 exstare
550 4025 640 4097 putat
669 4019 701 4076 in
730 4018 839 4092 feriali,
871 4018 950 4094 quod
980 4017 1113 4077 dicitur1
1140 4016 1224 4094 Angi
1255 4037 1322 4094 cog·

222 4257 226 4260 «
296 4225 305 4256 ¹
326 4224 383 4279 Sed
396 4242 554 4295 perperam,
576 4243 641 4279 nam
655 4229 777 4278 exeunte
790 4226 902 4279 saeculo
916 4243 990 4279 nono
1004 4226 1074 4279 illud
1088 4225 1186 4279 feriale
1201 4225 1323 4295 (Felire)

203 4297 281 4366 prius
300 4314 357 4353 non
376 4302 419 4352 ast
437 4297 472 4353 cf.
492 4295 622 4362 Warren,
642 4314 669 4364 p.
689 4295 771 4351 XIV.
