3024 4920
599 205 795 262 ,9-

138 381 318 455 Schoellius,
352 403 418 441 cum
450 384 490 460 (p.
518 383 570 459 11)
602 403 638 440 ex
668 402 718 457 eo,
753 383 832 459 quod
854 381 898 441 illi
925 388 1072 459 martyres
1096 380 1259 441 Verolamii

138 473 304 550 (Verulam)
320 471 480 549 municipio
496 471 630 530 Romano
654 472 737 530 etin
760 472 834 530 urbe
856 471 1022 549 Legionem
1045 470 1203 547 (Caerleon
1226 471 1257 529 in
1293 517 1295 520 <

138 562 290 639 Cambria)
307 561 453 639 supplicio
474 560 572 620 affecti
596 581 658 620 esse
681 561 849 634 traduntur,
873 562 1081 640 suspicandum
1104 581 1166 621 esse
1190 580 1256 620 cen·

138 658 202 712 seat
217 650 328 730 oppida
342 650 395 709 illa
409 650 544 709 Romana
563 650 742 710 incunabula
758 651 842 728 quasi
865 652 934 710 fidei
958 651 1135 711 christianae
1158 650 1256 722 fuisse,

139 740 259 800 nimiam
282 739 353 798 mihi
377 740 495 799 videtur
516 739 605 798 fidem
627 740 764 800 habuisse
780 740 896 800 fabulis.
926 740 975 798 Ex
991 740 1082 799 Gilda
1097 761 1167 817 ergo
1183 738 1257 797 nihil

139 830 333 908 comperimus
357 828 393 888 de
415 829 468 901 iis,
498 830 549 905 qui
578 823 668 907 primi
690 829 866 890 Britonibus
890 830 1075 906 evangelium
1103 829 1255 907 praedica·

138 920 250 991 verint,
274 939 369 994 neque
390 919 477 997 plura
501 940 536 977 ex
558 918 659 978 Bedae
682 919 810 997 scriptis.
857 919 980 979 Omissis
1003 919 1098 997 enim,
1123 938 1196 994 quas
1219 918 1255 976 de

138 1009 226 1068 Lucii
255 1008 334 1084 regis
364 1008 553 1068 conversione
583 1009 766 1087 temporibus
789 1009 944 1068 Eleutheri
975 1009 1105 1087 episcopi
1127 1007 1256 1068 Romani

138 1100 218 1157 facta
235 1102 360 1171 enarrat,
377 1098 485 1156 fabulis
502 1098 573 1175 (vid.
589 1098 629 1156 Η.
645 1098 705 1157 and
720 1097 800 1171 111,
817 1120 845 1176 p.
860 1098 900 1157 25
914 1119 970 1175 sq.;
987 1097 1087 1157 Schbll
1102 1118 1131 1175 p.
1145 1099 1186 1155 22
1199 1099 1255 1174 sq.)

138 1193 233 1246 restat
262 1187 483 1246 narratiuncula
513 1188 549 1246 de
573 1185 720 1247 Germano
744 1186 999 1247 Autissiodorensi
1022 1193 1053 1246 et
1074 1188 1162 1264 Lupo
1193 1189 1256 1262 ejus

140 1276 246 1336 comite
269 1274 448 1352 Pelagianos
479 1276 608 1336 haeresis
638 1277 831 1336 eradicandae
855 1298 943 1338 causa
966 1299 983 1336 a
1007 1276 1163 1336 Gallicana
1185 1296 1255 1352 qua·

139 1366 207 1424 dam
234 1366 345 1442 synodo
368 1365 415 1424 bis
442 1366 474 1424 in
496 1365 685 1425 Britanniam
714 1367 810 1426 missis
840 1368 880 1442 (h.
904 1388 927 1427 e.
952 1368 996 1426 ed.
1020 1366 1186 1427 Stevenson
1209 1385 1256 1443 op.

139 1455 207 1514 hist.
230 1454 331 1514 Bedae
354 1455 380 1528 I,
411 1455 461 1514 lib.
489 1457 514 1528 1,
546 1476 608 1534 cap.
637 1457 674 1513 17
699 1459 716 1535 ξ
741 1457 804 1533 39).
850 1455 910 1516 Sed
941 1478 1006 1515 cum
1036 1456 1121 1514 Beda
1150 1455 1256 1527 omnia,

139 1565 215 1621 qnae
232 1550 343 1617 narrat,
359 1544 491 1604 hauserit
506 1565 522 1603 e
537 1546 672 1605 fabulosa
687 1545 730 1604 St.
742 1545 884 1604 Germani
895 1546 958 1605 vita
971 1545 1083 1622 (sehon
1094 1567 1123 1623 p.
1138 1544 1178 1602 25
1191 1546 1256 1622 sq),

139 1635 269 1712 Prosper
290 1632 491 1711 Aquitanicus
513 1635 600 1694 testis
622 1634 680 1693 fide
704 1635 822 1712 dignior
844 1642 889 1695 est
911 1635 1073 1694 habendus.
1110 1634 1169 1708 Qui
1192 1654 1258 1692 cum

140 1722 338 1798 Germanum,
362 1724 399 1783 ad
423 1724 568 1783 actionem
592 1724 710 1784 Paladii
734 1724 848 1784 diaconi
872 1747 890 1784 a
912 1712 991 1803 papa
1014 1724 1165 1784 Oblestino
1189 1723 1256 1782 mis·

141 1833 205 1873 sum
228 1834 290 1872 esse
313 1813 416 1872 tradet
439 1813 570 1889 (chronio
595 1835 621 1873 a.
637 1814 712 1873 dom.
730 1815 803 1872 429.
820 1834 909 1892 opera
925 1815 969 1873 ed.
985 1813 1113 1873 Bassani
1131 1814 1214 1871 1782
1231 1812 1257 1884 Ι,
1290 1837 1293 1842 ·

140 1923 168 1980 p.
185 1902 265 1975 4013
289 1902 330 1960 Η.
346 1902 405 1960 and
421 1901 464 1962 St.
488 1902 514 1975 I,
537 1925 566 1981 p.
586 1905 639 1980 16)
662 1903 705 1962 111
727 1909 822 1963 restat
844 1904 876 1962 in
897 1904 953 1962 hac
975 1903 1155 1974 narratione,
1179 1902 1257 1978 quod

141 1991 294 2068 antiquam
310 1990 468 2050 Britonum
492 1992 630 2052 ecclesiae
652 2013 717 2050 cum
734 1991 889 2052 Gallicana
911 1992 1144 2051 familiaritatem
1167 1991 1257 2050 fuisse

141 2082 320 2158 comprobet
351 2081 598 2140 Familiaritatem
618 2081 700 2140 illam
715 2083 805 2142 fuisse
820 2082 1009 2141 nihilominus
1026 2086 1149 2140 constat.
1180 2081 1258 2141 Nam

140 2169 275 2230 nonnulli
290 2169 449 2229 Britonum
472 2170 602 2248 episcopi
619 2192 695 2230 anno
714 2172 816 2230 3141ιο
833 2171 955 2231 concilio
972 2170 1143 2230 Arelatensi
1165 2170 1256 2228 inter·

140 2261 261 2319 fuerunt
291 2260 342 2335 (H.
367 2259 426 2318 and
449 2259 493 2319 St.
516 2259 541 2333 I,
565 2280 593 2337 p.
619 2262 647 2319 7.
678 2262 714 2319 cf.
737 2260 847 2338 Bright
870 2283 898 2338 p.
924 2262 941 2318 9
966 2263 1051 2338 sqq).
1099 2260 1201 2334 Quod,
1232 2259 1258 2319 si

140 2349 195 2408 hoe
211 2347 366 2408 concilium
382 2355 500 2409 centum
524 2349 608 2409 annis
632 2356 701 2412 ante
724 2350 838 2424 fuisset,
861 2351 986 2426 alicujus
1008 2350 1150 2409 momenti
1173 2354 1256 2421 esset,

140 2439 181 2497 sic
204 2438 322 2500 nullius.
369 2437 556 2515 Oonjecturis
586 2459 657 2516 ergo
687 2440 867 2516 relinquitur
892 2440 982 2499 loeus.
1027 2441 1199 2499 Muenterus
1228 2444 1258 2496 et

139 2528 225 2586 multi
256 2530 320 2604 ejus
350 2529 487 2605 aequales
516 2534 546 2588 et
572 2528 631 2606 ipsi
658 2531 721 2604 jam
744 2528 966 2588 (1111111111111
989 2528 1257 2606 Magdeburgenses

139 2616 237 2692 (Gent.
261 2617 304 2691 H,
328 2638 351 2675 c.
378 2619 406 2690 2,
429 2618 478 2677 fol.
504 2619 536 2695 9)
569 2617 657 2677 fidem
688 2617 879 2677 christianam
911 2639 947 2677 ex
977 2617 1053 2677 Asia
1083 2619 1195 2676 minore
1225 2617 1256 2675 in

140 2706 329 2766 Britanniam
360 2707 481 2766 allatam
511 2727 573 2766 esse
604 2707 718 2785 opinati
748 2713 825 2767 sunt.
879 2707 981 2782 Quod,
1017 2707 1042 2765 si
1073 2706 1258 2784 comprobari

140 2802 249 2874 posset,
272 2817 332 2855 non
355 2797 569 2873 neglegendum
593 2803 670 2856 esset
685 2798 715 2855 in
732 2796 929 2872 dijudicandis
945 2795 1083 2855 ecelesiae
1098 2795 1257 2853 Britonum

140 2886 279 2945 moribus.
325 2883 385 2944 Sed
408 2886 619 2960 quaerentibus
642 2885 742 2957 nobis,
768 2885 840 2961 quid
863 2884 931 2942 huic
953 2883 1102 2942 1111111111
1125 2884 1258 2961 opinioni

139 2974 317 3033 adminiculo
340 2974 439 3045 luerit,
463 2972 543 3049 apud
565 2973 662 3051 ipsum
685 2973 726 3032 nil
751 2972 879 3032 occurrit
901 2973 960 3032 nisi
983 2973 1164 3050 computatio
1188 2973 1256 3032 festi

139 3062 295 3141 paschalis,
319 3082 378 3138 qua
392 3061 532 3122 Britones
547 3062 715 3122 utebantur.
761 3063 807 3121 At
821 3063 961 3122 Britones
981 3082 1168 3140 nequaqnam
1192 3083 1257 3121 cum

140 3151 415 3226 Quartodecimanis
446 3152 640 3225 consensisse,
669 3156 730 3229 jam
766 3153 880 3232 pridem
911 3152 967 3212 viri
990 3152 1071 3212 docti
1094 3152 1257 3211 docuerunt

139 3241 247 3318 (Varin
277 3247 361 3300 mem.
385 3241 427 3315 H,
458 3264 486 3319 p.
519 3241 583 3299 295
614 3263 677 3320 sqq.
702 3244 737 3301 cf.
760 3242 880 3301 Bbrard
910 3265 938 3321 p.
964 3243 1115 3318 19-78).
1161 3242 1256 3299 Immo

139 3353 203 3391 eam
219 3331 395 3410 opinionem,
419 3350 478 3406 qua
501 3332 595 3390 altera
618 3331 669 3389 illa
684 3331 831 3390 Muenteri
846 3331 1006 3403 nitebatur,
1030 3331 1106 3390 hanc
1130 3331 1256 3389 scilicet:

138 3421 296 3480 Britonum
326 3421 477 3480 ecclesiam
507 3421 736 3499 primordiorum
771 3423 833 3497 jam
868 3421 1050 3499 temporibus
1085 3420 1144 3479 alia
1173 3441 1256 3479 usam

140 3529 202 3567 1111
217 3510 435 3588 computatione
449 3510 519 3569 festi
533 3510 680 3589 paschalis
696 3532 730 3569 ac
745 3510 919 3585 Romanam,
942 3510 1174 3570 commenticiam
1193 3530 1255 3569 esse

139 3597 225 3655 facile
254 3600 438 3677 comprobari
471 3604 578 3679 potest.
624 3599 830 3659 Vetustiorum
861 3600 939 3659 enim
968 3601 1145 3678 scriptorum
1175 3599 1256 3660 testi·

139 3687 239 3745 monia
254 3688 400 3747 audienda
423 3689 508 3748 nobis
531 3694 601 3748 sunt
624 3689 820 3768 posteriorum
843 3689 958 3748 ratione
981 3709 1041 3747 non
1064 3688 1173 3748 habita.
1219 3689 1258 3746 In

141 3775 249 3852 quibus
273 3777 486 3838 Constantinus
509 3770 672 3858 imperator
695 3779 767 3838 haec
790 3778 909 3857 scripsit
939 3779 970 3837 in
1001 3778 1128 3856 epistula
1151 3779 1189 3837 ad
1213 3798 1256 3836 ec·

140 3864 243 3925 clesias
267 3887 313 3944 ap.
341 3866 505 3926 Eusebium
527 3869 581 3927 vit.
605 3867 751 3928 Constant
773 3868 834 3942 HI,
861 3869 916 3926 19:
947 3866 1111 3927 1111111111
1133 3887 1258 3949 aequam

139 3963 303 4037 rectumque
325 3974 383 4016 osse
407 3976 503 4017 omnes
519 3953 733 4037 judicaveram,
834 3965 879 4029 11,
910 3955 1041 4038 quodie
1065 3955 1134 4015 1111
1157 3953 1258 4016 Roma

133 4063 246 4126 perque
267 4064 382 4106 1111111
404 4043 526 4106 11111111
548 4091 602 4106 ...
629 4041 753 4118 Gallica,
776 4043 1175 4106 Β111111111...111111111
1196 4065 1256 4105 sea-

139 4133 226 4194 teats'a
256 4133 424 4196 1111111111
453 4135 486 4196 id
514 4145 608 4196 cestre
638 4155 747 4218 qaoque
774 4134 936 4217 pnaderrtia
973 4132 1119 4195 1111111111
1151 4133 1258 4194 animis

139 4220 333 4303 amplectatur
435 4233 518 4306 atque
548 4234 580 4283 11
610 4224 778 4285 summatim
804 4245 839 4284 ao
862 4223 981 4285 brerae
1003 4223 1117 4295 dicam,
1146 4221 1258 4306 placuit
