3024 4920
657 192 876 250 ..65-

210 375 287 435 alter
310 372 429 451 quidam
453 372 606 450 episcopus
636 372 668 429 in
696 369 907 429 monasterium
929 376 1053 429 venerat
1078 373 1124 446 (ut
1145 369 1229 427 Beda
1252 370 1280 427 h.
1304 391 1331 428 e.

210 464 239 536 3,
263 465 314 536 21,
339 462 461 538 gala),
485 461 521 520 iis
544 481 604 519 non
626 461 728 519 liceret
750 460 854 518 relicto
877 459 1056 517 monasterio
1076 458 1274 536 peregrinatis
1297 459 1329 517 in

209 552 282 611 alias
305 550 441 628 regiones
465 549 562 608 officia
585 549 723 626 episcopi·
739 569 804 606 cum
835 547 976 625 simplicis
1007 547 1144 606 monaehi
1166 547 1230 607 vita
1253 566 1328 606 com·

209 647 335 699 mutare.
359 673 402 696 ,-
425 639 514 698 Unde
535 639 600 697 fieri
624 639 732 717 potuit,
755 643 790 696 ut
813 637 871 695 duo
894 638 942 696 vel
965 638 1064 714 plures
1092 636 1122 693 in
1145 655 1204 694 uno
1228 656 1332 694 mona·

208 729 298 788 sterio
322 734 575 787 commorarentur
598 727 737 805 episcopi,
762 727 835 803 quin
862 725 953 784 etiam
976 726 1088 784 factum
1112 731 1166 798 est,
1189 732 1224 784 ut
1247 725 1327 783 affir-

207 823 271 877 mat
292 816 425 876 Todd'ius
449 817 520 891 (vid.
536 817 674 893 Loening
698 815 741 889 ΙΙ,
757 837 786 893 p.
803 815 867 872 445
885 820 946 872 not.
966 816 1006 890 1),
1029 815 1109 889 quod
1133 815 1328 892 comprobant

206 906 344 965 Muirchu
367 905 433 979 (vit.
449 906 532 966 Patr.
549 905 676 965 Betham
693 904 737 978 H,
754 926 821 981 app.
838 925 866 981 p.
883 903 947 980 XI)
968 909 999 962 et
1015 902 1199 961 Tirechanus
1215 905 1327 978 (annot.

207 996 246 1054 ib.
263 993 417 1070 XXVII),
442 995 552 1073 quippe
575 994 627 1070 qui
649 994 790 1052 finxerint
815 992 941 1051 Patricii
961 995 1024 1066 jam
1047 991 1232 1068 temporibus
1255 991 1331 1050 duos

208 1084 361 1162 episcopos
386 1083 487 1141 eodem
511 1091 645 1160 tempore
669 1083 764 1141 cidem
788 1081 926 1140 ecclesiae
949 1080 1121 1159 praefuisse.

296 1172 380 1230 Haec
402 1172 440 1230 de
463 1172 608 1250 episcopis
624 1170 891 1242 monasterialibus,
908 1203 949 1214 —
965 1169 1125 1228 incertiora
1140 1188 1218 1239 sane,
1239 1187 1329 1244 quam

205 1267 240 1320 ut
262 1281 308 1318 me
331 1261 428 1337 ipsum
452 1260 616 1338 impediant
639 1266 757 1338 optare,
781 1265 816 1318 ut
838 1259 911 1317 haec
933 1264 998 1316 tota
1027 1258 1072 1316 de
1091 1257 1238 1335 episcopis
1267 1276 1327 1314 mo·

206 1349 416 1408 uasterialibus
448 1349 582 1424 quaestio
614 1348 742 1408 exclusis
770 1347 891 1406 incertis
921 1347 1119 1424 posteriorum
1149 1345 1343 1405 testimoniis·

206 1439 302 1497 denuo
332 1443 481 1496 tractetur
510 1439 548 1495 ab
580 1437 630 1508 iis,
662 1438 713 1513 qui
744 1458 791 1496 res
821 1435 1002 1494 Hibernicas
1032 1435 1152 1512 penitus
1181 1434 1328 1494 noverint.

206 1527 294 1600 Quod
317 1526 341 1584 si
364 1527 476 1585 factum
501 1527 566 1599 erit,
588 1547 675 1605 spero
698 1529 770 1599 fore,
793 1531 828 1584 ut
848 1524 1033 1583 manifestius
1055 1523 1117 1594 fiat,
1142 1523 1221 1599 quod
1236 1543 1327 1601 supra

206 1615 353 1688 contendi,
377 1615 407 1673 in
431 1616 554 1674 ecclesia
570 1614 725 1674 Scotorum
748 1621 870 1691 praeter
892 1613 946 1670 hos
969 1612 1193 1672 monasteriales
1216 1632 1327 1688 nequa·

206 1725 294 1780 quam
318 1705 446 1763 defuisse
470 1705 623 1781 episcopos
646 1702 839 1780 parochiales.

295 1791 346 1850 An
369 1793 446 1864 inde,
471 1793 551 1868 quod
574 1793 605 1850 in
621 1791 721 1851 Gallia
738 1792 848 1850 saeculi
864 1790 961 1849 octavi
977 1788 1162 1868 temporibus
1182 1808 1329 1846 nonnum·

205 1900 294 1956 quam
324 1880 414 1938 iidem
445 1881 578 1957 episcopi
607 1881 829 1939 monasteriales
858 1879 1052 1937 inveniuntur
1076 1912 1114 1921 —
1140 1897 1175 1936 ac
1207 1875 1329 1953 quidem

205 1970 378 2047 plerumque
402 1969 460 2041 ita,
492 1975 527 2027 ut
548 1969 607 2045 ipsi
631 1970 755 2028 abbates
778 1968 867 2026 iidem
891 1966 1023 2044 episcopi
1045 1966 1136 2024 fuisse
1159 1964 1331 2037 videantur,

204 2056 300 2115 rarius
324 2056 379 2130 ita,
410 2063 445 2114 ut
468 2056 599 2134 episcopi
629 2056 673 2114 illi
703 2055 892 2134 reperiantur
915 2056 946 2112 111
970 2054 1179 2112 monachorum
1202 2073 1331 2111 numero

204 2152 357 2204 versantes
388 2151 418 2204 et
448 2145 608 2203 abbatibus
638 2145 765 2221 subjecti
791 2179 829 2188 -
855 2144 991 2220 sequitur
1021 2149 1092 2202 tunc
1122 2142 1264 2220 temporis
1293 2141 1325 2199 in

205 2233 305 2292 Gallia
329 2234 457 2293 defuisse
481 2235 564 2293 sedes
588 2233 792 2312 episcopales?
815 2233 911 2291 Immo
934 2232 993 2310 ipsi
1017 2232 1228 2310 episcopalium
1252 2229 1328 2289 Gal·

203 2323 261 2380 liae
284 2322 402 2380 urbium
426 2325 577 2400 praesules
601 2329 631 2381 et
653 2323 710 2401 ipsi
731 2323 862 2401 episcopi
877 2321 1015 2393 Romani,
1040 2341 1116 2398 quae
1134 2324 1204 2395 jura
1227 2325 1332 2378 essent

203 2411 409 2489 episcoporum
436 2412 705 2485 monasterialium,
736 2411 903 2490 privilegiis
926 2411 1124 2469 firmaverunt
1147 2409 1330 2484 (Harttung,

201 2521 230 2577 p.
256 2500 410 2575 34-47).
456 2500 532 2559 Eam
563 2500 659 2577 ipsam
690 2502 729 2559 ob
760 2520 878 2559 causam
902 2498 1088 2574 Harttungio
1112 2500 1154 2575 (p.
1180 2497 1233 2572 34)
1265 2515 1328 2554 non

202 2589 360 2647 concedam
394 2589 548 2666 episcopos
576 2590 643 2647 illos
666 2589 890 2648 monasteriales
913 2586 1054 2646 ecclesiae
1078 2585 1253 2645 Gallicanae
1275 2591 1323 2644 ut·

202 2683 272 2756 pote
296 2678 334 2736 ab
358 2677 505 2755 episcopis
528 2678 711 2754 gubernatae
735 2677 819 2736 etin
842 2677 997 2754 parochias
1013 2675 1194 2753 episcopales
1210 2674 1329 2734 divisae

201 2772 263 2824 tam
286 2767 363 2824 male
387 2767 556 2843 quadrasse,
579 2774 615 2826 ut
637 2767 734 2826 facere
757 2786 816 2824 non
832 2765 986 2843 possimus,
1010 2765 1082 2839 quin
1103 2770 1241 2839 putemus
1264 2781 1326 2820 non.

201 2856 264 2913 sine
288 2876 379 2932 opera
403 2855 558 2914 Scotorum
582 2857 693 2913 factum
716 2876 792 2927 esse,
822 2861 856 2912 ut
883 2855 915 2911 in
939 2852 1038 2912 Gallia
1062 2871 1179 2927 quoque
1202 2850 1248 2907 illi
1270 2871 1324 2928 ap·

199 2950 333 3020 pareant.
364 2942 415 3002 Ab
432 2945 506 3019 ipso,
530 2943 637 3018 inquit,
653 2943 834 3000 hierarchice
850 2947 932 3000 statu
948 2941 1077 3017 episcopi
1099 2938 1328 2997 monasteriales.

199 3032 326 3109 profecti
349 3051 412 3089 esse
435 3051 494 3088 non
518 3036 651 3107 possunt.
690 3030 788 3107 Atqui
811 3051 829 3088 a
852 3028 1037 3089 monasteriis
1061 3035 1091 3087 et
1116 3028 1147 3085 in
1170 3026 1270 3086 Gallia
1293 3033 1323 3086 ct

200 3121 230 3176 in
254 3119 412 3177 Hibernia.
458 3119 567 3196 Itaque
589 3140 658 3178 raro
681 3119 875 3179 inveniuntur
898 3120 929 3176 in
953 3117 1065 3190 Gallia,
1097 3118 1214 3196 saepius
1242 3117 1323 3193 apud
1370 3128 1373 3133 '

200 3208 315 3279 Scotos,
342 3226 467 3285 quorum
491 3209 629 3267 universa
653 3209 775 3268 ecclesia
799 3207 972 3266 monasterii
998 3207 1126 3284 speciem
1148 3206 1326 3284 praebebat.

282 3298 355 3355 ¹Huc
379 3295 458 3355 enim
473 3297 600 3357 redeunt
614 3297 722 3369 omnia,
743 3317 818 3372 quae
834 3296 992 3373 conspicua
1008 3301 1039 3353 et
1053 3280 1216 3370 singularia
1230 3295 1321 3352 fuisse

197 3387 262 3446 visa
286 3393 355 3445 sunt
378 3386 465 3444 nobis
488 3385 629 3444 ecclesiae
643 3384 800 3444 Scotorum
817 3390 928 3444 statum
945 3382 1209 3442 considerantibus.
1243 3382 1323 3441 Nam

196 3475 336 3551 primitus
364 3495 461 3550 neque
490 3474 622 3553 episcopi
644 3494 740 3550 neque
763 3473 930 3551 presbyteri
952 3492 1048 3548 neque
1071 3471 1188 3529 diaconi
1211 3470 1242 3528 in
1265 3470 1321 3527 Hi-

197 3562 301 3619 bernia
324 3562 434 3622 diversi
456 3565 547 3624 fuisse
569 3563 710 3624 videntur
731 3564 769 3622 ab
793 3563 838 3636 iis,
863 3562 914 3638 qui
937 3561 968 3619 in
992 3560 1058 3619 aliis
1082 3559 1211 3618 ecclesiis
1227 3565 1325 3632 erant,
1413 3558 1414 3561 ’

197 3650 248 3710 sed
279 3650 415 3710 omnibus
444 3652 504 3712 illis
534 3671 693 3728 eorumque
724 3653 830 3711 officiis
852 3652 918 3710 vita
946 3650 1118 3708 monachica
1140 3649 1320 3726 peculiarem

156 3758 160 3770 ¹
196 3739 344 3816 quandam
367 3741 494 3817 speciem
518 3741 736 3800 conciliaverat.
775 3741 855 3814 Quin
879 3739 969 3798 etiam
990 3745 1054 3797 tota
1071 3738 1194 3796 ecclesia
1209 3743 1239 3794 et
1254 3735 1320 3813 ipsa

196 3828 338 3887 laicorum
361 3827 425 3887 vita
448 3830 536 3888 certis
560 3831 753 3889 monachatus
776 3829 869 3905 signis
893 3833 999 3887 notata
1022 3833 1095 3887 erat.
1133 3827 1210 3886 Nam
1233 3833 1268 3882 ut
1287 3824 1321 3882 in

194 3917 382 3975 monasteriis
405 3918 541 3975 monachi
565 3919 662 3977 omnia
685 3939 739 3978 sua
761 3923 884 3995 peccata
907 3917 1066 3975 abbatibus
1090 3914 1223 3973 confiteri
1245 3914 1318 3972 sole·
1429 3986 1430 3991 ἵ

193 4008 275 4078 bant,
298 4013 333 4064 ut
355 4006 406 4063 ille
429 4007 630 4084 poenitentiae
650 4027 801 4066 mensuras
817 4006 964 4078 definiret,
988 4006 1031 4063 ita
1048 4005 1138 4063 etiam
1153 4003 1222 4061 laici
1237 4022 1323 4060 more

193 4097 231 4155 ad
262 4095 293 4152 id
322 4100 440 4170 tempus
469 4095 501 4152 in
531 4095 597 4154 aliis
628 4096 767 4155 ecclesiae
797 4095 934 4173 partibus
965 4094 1107 4152 inusitato
1138 4091 1237 4149 omnia
1265 4111 1319 4148 sua

193 4190 315 4262 peccata
346 4183 549 4242 sacerdotibus
580 4184 799 4243 confitebantur
829 4183 1016 4259 (Adamnan,
1044 4182 1096 4241 vit.
1125 4179 1187 4241 Ool.
1215 4183 1241 4253 l,
1269 4183 1322 4253 17,

194 4295 223 4349 p.
249 4274 330 4345 2043
358 4275 384 4346 l,
409 4270 460 4345 40,
484 4292 514 4349 p.
539 4274 619 4345 2123
644 4275 673 4345 2,
699 4274 748 4346 70,
773 4295 801 4350 p.
827 4273 921 4348 222).

1087 4388 1102 4425 o
