3024 4920
645 181 889 238 ...104-

205 381 262 437 que
286 359 490 436 cognovimus,
515 379 590 434 quae
614 361 654 418 sit
676 358 865 417 notio‘vocis
897 359 1062 429 clientelae,
1094 357 1326 418 luculentissime

199 455 332 527 apparet
355 469 392 506 ex
415 447 460 520 iis,
485 467 561 527 quae
585 448 616 505 in
640 447 769 525 epistula
792 447 845 506 illa
861 446 1006 507 Columba
1027 446 1174 524 Gregorio
1197 447 1326 524 scripsit,

203 536 379 597 Columbam
402 538 447 595 ab.
458 537 594 595 omnibus
611 537 726 599 clericis
744 572 781 580 —
800 557 838 594 ne
853 536 1027 596 inferiorum
1044 537 1164 612 quidem
1179 536 1327 613 graduum

151 695 152 701 ἵ
203 626 319 684 clericis
341 625 473 703 exceptis
490 659 528 669 —
543 626 718 702 postulasse,
742 631 776 683 ut
799 626 830 684 in
854 625 1003 684 caelibatu
1026 625 1168 684 viverent.
1206 625 1326 686 Diserte

202 715 281 773 enim
304 715 368 792 ipse
392 714 555 774 affirmavit
577 714 609 772 in
632 715 746 772 clericis
769 714 948 772 adulterium
973 735 1038 772 cum
1061 713 1202 773 uxoribus
1225 747 1267 764 .-
1292 721 1327 774 ut

202 804 245 863 ita
268 803 364 863 dicam
388 803 564 862 necessitate
588 811 706 862 coactus
733 838 771 848 -
798 803 879 880 apud
902 802 1007 862 Scotos
1030 823 1089 862 non
1112 803 1235 862 minoris
1260 823 1326 863 cen-

204 892 264 950 seri
285 892 425 951 facinoris
442 913 531 969 quam
547 892 727 951 adulterium
751 913 816 950 cum
832 893 931 970 puella
947 892 1076 968 quadam
1091 892 1324 970 perpetratum.¹

292 981 375 1054 Quae
398 1001 464 1040 oum
486 981 530 1040 ita
553 981 621 1053 sint,
646 1001 704 1057 quo
728 980 843 1040 facilius
867 988 912 1039 est
932 981 1053 1053 diluere,
1076 1001 1153 1058 quae
1169 980 1326 1042 librandus

201 1070 327 1148 protulit
342 1069 380 1128 ad
396 1069 628 1130 confirmandam
651 1090 733 1128 suam
757 1070 927 1149 opinionem
943 1071 992 1145 (cf.
1004 1069 1141 1145 Loening
1157 1069 1203 1143 11,
1218 1091 1249 1147 p.
1261 1070 1325 1130 428

201 1164 262 1217 not.
281 1160 321 1235 1),
345 1179 381 1217 eo
402 1159 498 1235 magis
521 1158 594 1217 mihi
616 1165 786 1236 pertaesum
810 1164 855 1218 est
878 1159 909 1217 in
932 1159 982 1217 his
1002 1159 1092 1218 cassia
1115 1178 1326 1236 operomvper·

201 1247 280 1307 dere.
310 1247 415 1308 Nostri
436 1247 536 1324 potius
557 1248 663 1322 judicii
686 1268 830 1307 summam
853 1248 1009 1307 faciamus:
1033 1254 1150 1307 tantum
1174 1249 1273 1318 abest,
1291 1254 1327 1308 ut

201 1337 379 1397 testimoniis
409 1335 615 1396 confirmatum
645 1337 685 1395 sit
715 1337 763 1395 vel
794 1337 884 1395 etiam
914 1337 1083 1395 confirmari
1119 1336 1216 1414 possit
1246 1335 1328 1414 apud

201 1424 309 1485 Scotos·
330 1445 396 1484 cum
423 1426 455 1484 in
477 1425 637 1484 Britannia
661 1431 692 1484 et
714 1425 862 1485 Hibernia
892 1432 956 1484 tum
986 1427 1018 1484 in
1046 1425 1212 1486 continenti
1242 1425 1325 1484 oleri·

200 1534 303 1572 corum
326 1514 518 1573 matrimonia
539 1521 569 1573 et
591 1514 710 1592 saepius
733 1514 856 1573 inuenta·
883 1515 943 1573 sint
971 1521 1002 1573 et
1024 1515 1122 1575 minus
1145 1514 1326 1593 vituperata,

200 1609 371 1662 nst-contra
400 1603 490 1662 liceat
519 1603 666 1682 suspicari
697 1603 777 1680 apud
807 1602 924 1676 Scotos,
958 1609 1065 1681 utpote
1096 1603 1205 1679 quibus
1236 1603 1326 1663 etiam

200 1691 295 1768 magis
319 1711 408 1767 quam
431 1693 498 1751 aliis
520 1693 584 1752 vita
611 1691 821 1752 monachorum
852 1713 982 1752 summae
1013 1691 1206 1771 perfectionis
1234 1692 1325 1753 firerit

199 1780 307 1858 imago,
332 1786 362 1838 et
381 1781 512 1841 rariores
535 1781 625 1840 fuisse
649 1780 779 1853 clericos,
803 1780 855 1858 qui
877 1782 915 1839 in,
932 1781 1128 1841 matrimoniis
1153 1782 1202 1841 rel
1225 1781 1325 1860 potius

200 1869 232 1927 in
261 1869 415 1929 adulteriis
443 1871 490 1930 vel
518 1870 631 1948 stupris
657 1869 801 1942 vixerint,
833 1876 863 1929 et
891 1870 1063 1943 siluerint,
1094 1869 1327 1949 rariuszpoenas

200 1957 351 2036 effugisse,
383 1979 472 2034 quam
502 1959 534 2017 in
566 1959 632 2019 aliie
662 1958 802 2019 ecclesiae
832 1960 968 2037 partibus
999 1959 1138 2038 inprimis
1164 1960 1195 2018 in
1224 1955 1326 2018 Gallia

200 2049 250 2123 (cf.
274 2068 364 2125 supra
387 2069 415 2126 p.
440 2049 505 2124 82).

289 2137 397 2196 Soluta
417 2136 511 2213 igitur
533 2137 632 2215 priore
655 2156 757 2196 earum
781 2137 1001 2214 quaestionum,
1032 2157 1108 2214 quas
1137 2157 1227 2214 supra
1255 2156 1325 2214 pro·

199 2244 363 2302 posueram,
387 2245 465 2283 nunc
485 2226 523 2283 ad
539 2226 663 2284 alteram
679 2225 833 2285 venientes
849 2246 1045 2302 quaeramus,¹
1058 2246 1129 2307 num
1151 2225 1210 2284 alia
1234 2226 1327 2287 inierit

199 2312 281 2391 apud
296 2312 458 2372 Columbae
481 2314 579 2372 socios
591 2313 655 2373 vita
678 2314 850 2373 monachica
872 2321 963 2392 atque
985 2315 1017 2373 in
1040 2314 1179 2374 universa
1202 2315 1325 2375 ecclesia

199 2410 231 2462 et
255 2402 328 2479 quid
350 2402 387 2460 de
410 2401 623 2461 monachorum
644 2400 707 2461 vita
730 2402 794 2480 ipse
817 2403 957 2463 statumit
980 2404 1134 2463 Columba.

287 2491 356 2550 Hoc
379 2491 499 2550 tandem
527 2493 592 2551 loco
620 2491 803 2550 inveniemus
833 2493 976 2553 nonnulla
1000 2491 1157 2552 Scotorum
1187 2492 1324 2571 propria3

199 2577 356 2638 Scotorum
379 2579 458 2652 dico,
489 2601 550 2640 non
576 2580 663 2640 unius
687 2579 863 2654 Columbae,
893 2603 963 2641 nam
991 2601 1058 2641 oum
1082 2580 1228 2641 Columba
1255 2602 1325 2642 con·

198 2667 320 2727 fitestur
343 2688 375 2726 aa
396 2688 524 2770 suosque
545 2689 614 2728 curn
635 2687 757 2728 suoram
779 2626 887 2750 repulia
909 2688 1026 2730 manem
1049 2668 1195 2730 socinum
1218 2671 1325 2748 (apl,

194 2778 228 2834 ..p
253 2757 295 2814 24
316 2755 369 2833 F),
404 2758 516 2832 omnia,
551 2777 627 2835 quae
657 2759 737 2835 apud
769 2757 944 2817 Columbam
974 2759 1181 2832 inueniuntur,
1215 2759 1324 2821 similia

197 2845 320 2905 firisse
311 2867 343 2904 m
366 2846 515 2906 Hibernia
538 2847 681 2924 neglectis
705 2847 836 2907 Ebrardi
857 2848 958 2908 uerbis
982 2851 1023 2925 (p.
1047 2848 1109 2907 153
1133 2853 1196 2907 not.
1221 2849 1263 2909 64
1287 2850 1324 2913 cf

198 2956 227 3013 p.
255 2935 326 3008 147,
349 2941 410 2994 not.
435 2935 490 3012 57)
514 2936 723 3013 suspicandum
747 2943 800 2995 est.
845 2937 959 2996 Eorum
982 2937 1102 3013 quidem
1125 2938 1240 3015 opinio,
1271 2938 1324 3015 qui

198 3028 232 3082 ut
261 2979 416 3082 Ebiardus
445 3030 554 3100 putant
583 3024 664 3104 apud
695 3024 800 3083 Scotos
838 3025 960 3085 omnino.
992 3025 1085 3086 vitam
1120 3027 1324 3088 monachicam

197 3131 319 3189 prorsus
335 3111 424 3170 aliam
439 3112 531 3172 fuisse
546 3119 637 3192 atque
653 3113 734 3186 alibi,
758 3133 920 3190 numquam
940 3113 1058 3176 facilius
1073 3114 1198 3177 refutari
1212 3121 1324 3194 potest,

197 3218 287 3277 qnam
309 3199 365 3259 boc
387 3200 454 3279 ipso
477 3201 549 3274 loco,
572 3201 625 3260 ubi
647 3201 685 3260 de
701 3201 847 3262 Columba
868 3203 976 3280 agitur.
1007 3204 1095 3279 Quod
1111 3210 1145 3263 ut
1160 3203 1323 3278 videamus,

197 3294 287 3347 antea
310 3289 398 3348 liceat
421 3310 575 3366 quaerere,
606 3291 684 3349 unde
714 3292 849 3367 profecta
877 3292 918 3351 sit
940 3293 1004 3352 vita
1027 3293 1206 3352 monachica.
1253 3292 1322 3366 sod,

197 3399 234 3436 ne
257 3378 287 3436 in
312 3377 486 3457 Aegyptum
510 3380 634 3439 lectores
658 3380 813 3455 deducam,
836 3379 941 3441 timere
965 3401 1038 3460 opus
1061 3402 1121 3440 non
1144 3387 1198 3442 est.
1244 3381 1323 3443 Nam

197 3466 249 3526 vix
271 3467 303 3524 in
326 3466 536 3546 Aegyptorum
559 3469 642 3531 cultu
665 3490 700 3527 ac
722 3469 867 3547 religione
889 3470 1082 3530 monachatus
1104 3469 1254 3550 principia
1276 3469 1322 3531 in·

196 3554 293 3615 veniri
321 3575 408 3632 posse
437 3562 529 3635 puto,¹
560 3556 598 3616 ab
629 3557 695 3636 ipsa
723 3557 825 3636 potius
853 3559 912 3618 lide
942 3558 1106 3620 christiana
1136 3579 1229 3636 eaque
1261 3579 1324 3620 non

196 3648 277 3702 recte
292 3642 446 3704 intellecta
460 3646 543 3724 origo
560 3644 640 3705 vitae
655 3647 842 3706 monachicae
864 3647 1027 3725 repetenda
1042 3655 1090 3709 est
1104 3649 1153 3725 (of.
1168 3648 1322 3722 Harnaclr,

196 3727 265 3792 Das
287 3728 487 3792 Monolstlcum.
508 3769 550 3779 -—
566 3730 644 3795 Eine
666 3732 844 3811 trudentia.
869 3731 1036 3818 Verteranq.
1066 3739 1095 3796 2.
1117 3733 1208 3820 Aust-⁷
1225 3737 1322 3802 1882.

194 3843 225 3900 p.
246 3822 266 3880 8
287 3824 374 3899 sqq).
421 3823 597 3903 Quicunque
621 3824 699 3883 enim
723 3823 935 3904 detorquentes
962 3825 994 3884 in
1017 3846 1135 3886 sensum
1156 3825 1321 3909 physicum,

198 3946 410 3954 *—

137 4049 141 4058 ,
199 3994 338 4049 Columba
362 3996 518 4064 repetenda
542 4013 602 4050 esse
628 3997 750 4052 videtur.
788 3970 926 4052 Attamen
957 3999 1057 4053 melius
1082 4002 1126 4052 est
1148 3998 1321 4055 testimoniis

196 4065 322 4131 incertis,
343 4067 444 4120 saltem
464 4066 557 4122 dubiis
575 4085 633 4121 non
652 4069 703 4123 uti.

270 4138 280 4168 ¹
298 4106 333 4191 Iir
353 4138 426 4192 hanc
446 4139 522 4192 enim
540 4139 711 4193 sententiam
723 4140 810 4193 verba
829 4140 881 4193 illu
899 4157 954 4195 aaa
970 4140 1086 4195 minoris
1098 4144 1146 4195 ete
1113 4141 1238 4195 tdicta
1257 4157 1320 4196 esse

198 4207 331 4262 manifest
319 4211 378 4261 tum
406 4214 449 4263 est
472 4227 508 4263 ex
532 4209 605 4263 libro
630 4210 665 4265 da
690 4209 930 4278 poenitentiarum
955 4229 1094 4266 mensura.
1125 4212 1234 4282 Itaque
1253 4228 1320 4280 per-

192 4295 293 4348 peram
312 4281 503 4350 suppleretur:
522 4297 605 4350 qaam
623 4281 697 4350 opatd
715 4284 772 4335 nest
771 4298 818 4336 ros
835 4282 989 4353 magistros.
