<?xml version="1.0" encoding="UTF-8"?>
<!DOCTYPE html PUBLIC "-//W3C//DTD XHTML 1.0 Transitional//EN"
    "http://www.w3.org/TR/xhtml1/DTD/xhtml1-transitional.dtd">
<html xmlns="http://www.w3.org/1999/xhtml" xml:lang="en" lang="en">
 <head>
  <title>
</title>
<meta http-equiv="Content-Type" content="text/html;charset=utf-8" />
  <meta name='ocr-system' content='tesseract 3.04.00' />
  <meta name='ocr-capabilities' content='ocr_page ocr_carea ocr_par ocr_line ocrx_word'/>
</head>
<body>
  <div class='ocr_page' id='page_1' title='image "./antiquaebritonu00loofgoog_0111.png"; bbox 0 0 3024 4920; ppageno 0'>
   <div class='ocr_carea' id='block_1_1' title="bbox 704 209 943 267">
    <p class='ocr_par' dir='ltr' id='par_1_1' title="bbox 704 209 943 267">
     <span class='ocr_line' id='line_1_1' title="bbox 704 209 943 267; baseline -0.004 0"><span class='ocrx_word' id='word_1_1' title='bbox 704 209 943 267; x_wconf 80' lang='lat'>-102-</span> 
     </span>
    </p>
   </div>
   <div class='ocr_carea' id='block_1_2' title="bbox 236 385 1395 3929">
    <p class='ocr_par' dir='ltr' id='par_1_2' title="bbox 255 385 1394 2416">
     <span class='ocr_line' id='line_1_2' title="bbox 263 385 1389 467; baseline -0.004 -19"><span class='ocrx_word' id='word_1_2' title='bbox 263 393 324 467; x_wconf 86' lang='lat' dir='ltr'>jam</span> <span class='ocrx_word' id='word_1_3' title='bbox 348 390 412 447; x_wconf 90' lang='lat' dir='ltr'>loco</span> <span class='ocrx_word' id='word_1_4' title='bbox 436 388 594 447; x_wconf 89' lang='lat' dir='ltr'>immutata</span> <span class='ocrx_word' id='word_1_5' title='bbox 617 386 701 445; x_wconf 87' lang='lat' dir='ltr'>verbi</span> <span class='ocrx_word' id='word_1_6' title='bbox 725 385 940 463; x_wconf 83' lang='lat' dir='ltr'>significatione</span> <span class='ocrx_word' id='word_1_7' title='bbox 956 385 1068 445; x_wconf 88' lang='lat' dir='ltr'>dictum</span> <span class='ocrx_word' id='word_1_8' title='bbox 1092 386 1140 444; x_wconf 89' lang='lat' dir='ltr'>sit.</span> <span class='ocrx_word' id='word_1_9' title='bbox 1171 385 1247 444; x_wconf 88' lang='lat' dir='ltr'>Nam</span> <span class='ocrx_word' id='word_1_10' title='bbox 1271 385 1324 443; x_wconf 91' lang='lat' dir='ltr'>illa</span> <span class='ocrx_word' id='word_1_11' title='bbox 1340 391 1389 444; x_wconf 90' lang='lat' dir='ltr'>est</span> 
     </span>
     <span class='ocr_line' id='line_1_3' title="bbox 264 473 1386 555; baseline -0.005 -17"><span class='ocrx_word' id='word_1_12' title='bbox 264 479 360 538; x_wconf 85' lang='lat' dir='ltr'>altera</span> <span class='ocrx_word' id='word_1_13' title='bbox 383 476 601 555; x_wconf 75' lang='lat' dir='ltr'>explanationis</span> <span class='ocrx_word' id='word_1_14' title='bbox 624 476 711 535; x_wconf 89' lang='lat' dir='ltr'>ratio.</span> <span class='ocrx_word' id='word_1_15' title='bbox 749 476 838 535; x_wconf 87' lang='lat' dir='ltr'>Hanc</span> <span class='ocrx_word' id='word_1_16' title='bbox 859 474 918 552; x_wconf 88' lang='lat' dir='ltr'>ipsi</span> <span class='ocrx_word' id='word_1_17' title='bbox 941 474 1100 552; x_wconf 77' lang='lat' dir='ltr'>scriptores</span> <span class='ocrx_word' id='word_1_18' title='bbox 1123 473 1209 532; x_wconf 90' lang='lat' dir='ltr'>nobis</span> <span class='ocrx_word' id='word_1_19' title='bbox 1231 474 1386 551; x_wconf 87' lang='lat' dir='ltr'>praebent,</span> 
     </span>
     <span class='ocr_line' id='line_1_4' title="bbox 263 562 1388 642; baseline -0.004 -16"><span class='ocrx_word' id='word_1_20' title='bbox 263 587 332 626; x_wconf 89' lang='lat' dir='ltr'>nam</span> <span class='ocrx_word' id='word_1_21' title='bbox 364 567 418 625; x_wconf 87' lang='lat' dir='ltr'>vit.</span> <span class='ocrx_word' id='word_1_22' title='bbox 441 566 604 642; x_wconf 81' lang='lat' dir='ltr'>Wandreg.</span> <span class='ocrx_word' id='word_1_23' title='bbox 635 585 659 622; x_wconf 93' lang='lat' dir='ltr'>c.</span> <span class='ocrx_word' id='word_1_24' title='bbox 685 563 741 638; x_wconf 85' lang='grc'>14,</span> <span class='ocrx_word' id='word_1_25' title='bbox 771 565 851 624; x_wconf 87' lang='lat' dir='ltr'>Mab.</span> <span class='ocrx_word' id='word_1_26' title='bbox 874 563 921 636; x_wconf 87' lang='lat' dir='ltr'>H,</span> <span class='ocrx_word' id='word_1_27' title='bbox 952 585 980 642; x_wconf 91' lang='lat' dir='ltr'>p.</span> <span class='ocrx_word' id='word_1_28' title='bbox 1006 563 1066 621; x_wconf 83' lang='lat'>531</span> <span class='ocrx_word' id='word_1_29' title='bbox 1100 562 1236 621; x_wconf 87' lang='lat' dir='ltr'>monachi</span> <span class='ocrx_word' id='word_1_30' title='bbox 1267 562 1388 622; x_wconf 85' lang='lat' dir='ltr'>abbatis</span> 
     </span>
     <span class='ocr_line' id='line_1_5' title="bbox 263 650 1386 732; baseline -0.004 -18"><span class='ocrx_word' id='word_1_31' title='bbox 263 655 348 715; x_wconf 89' lang='lat' dir='ltr'>filioli</span> <span class='ocrx_word' id='word_1_32' title='bbox 376 652 519 732; x_wconf 86' lang='lat' dir='ltr'>appellati</span> <span class='ocrx_word' id='word_1_33' title='bbox 549 660 619 712; x_wconf 89' lang='lat' dir='ltr'>sunt</span> <span class='ocrx_word' id='word_1_34' title='bbox 643 654 691 728; x_wconf 91' lang='lat' dir='ltr'>(cf.</span> <span class='ocrx_word' id='word_1_35' title='bbox 715 671 806 730; x_wconf 88' lang='lat' dir='ltr'>supra</span> <span class='ocrx_word' id='word_1_36' title='bbox 828 675 857 731; x_wconf 90' lang='lat' dir='ltr'>p.</span> <span class='ocrx_word' id='word_1_37' title='bbox 882 654 945 727; x_wconf 82' lang='lat'>69).</span> <span class='ocrx_word' id='word_1_38' title='bbox 991 650 1195 711; x_wconf 74' lang='lat' dir='ltr'>Consimiliter</span> <span class='ocrx_word' id='word_1_39' title='bbox 1227 651 1386 711; x_wconf 84' lang='lat' dir='ltr'>immutata</span> 
     </span>
     <span class='ocr_line' id='line_1_6' title="bbox 265 739 1386 819; baseline -0.004 -15"><span class='ocrx_word' id='word_1_40' title='bbox 265 751 311 804; x_wconf 87' lang='grc'>001</span> <span class='ocrx_word' id='word_1_41' title='bbox 333 744 418 803; x_wconf 89' lang='lat' dir='ltr'>verbi</span> <span class='ocrx_word' id='word_1_42' title='bbox 440 742 525 801; x_wconf 90' lang='lat' dir='ltr'>filioli</span> <span class='ocrx_word' id='word_1_43' title='bbox 547 741 725 819; x_wconf 84' lang='lat' dir='ltr'>significatio</span> <span class='ocrx_word' id='word_1_44' title='bbox 749 741 780 800; x_wconf 90' lang='lat' dir='ltr'>in</span> <span class='ocrx_word' id='word_1_45' title='bbox 803 763 838 800; x_wconf 86' lang='lat' dir='ltr'>ea</span> <span class='ocrx_word' id='word_1_46' title='bbox 862 741 1039 812; x_wconf 88' lang='lat' dir='ltr'>narratione,</span> <span class='ocrx_word' id='word_1_47' title='bbox 1064 760 1152 818; x_wconf 91' lang='lat' dir='ltr'>quam</span> <span class='ocrx_word' id='word_1_48' title='bbox 1174 761 1210 797; x_wconf 87' lang='lat' dir='ltr'>ex</span> <span class='ocrx_word' id='word_1_49' title='bbox 1232 741 1296 801; x_wconf 84' lang='lat' dir='ltr'>vite</span> <span class='ocrx_word' id='word_1_50' title='bbox 1311 739 1386 799; x_wconf 91' lang='lat' dir='ltr'>Ber·</span> 
     </span>
     <span class='ocr_line' id='line_1_7' title="bbox 265 829 1388 911; baseline -0.005 -19"><span class='ocrx_word' id='word_1_51' title='bbox 265 833 358 893; x_wconf 89' lang='lat' dir='ltr'>charii</span> <span class='ocrx_word' id='word_1_52' title='bbox 381 832 419 911; x_wconf 89' lang='lat' dir='ltr'>(c.</span> <span class='ocrx_word' id='word_1_53' title='bbox 446 835 499 904; x_wconf 82' lang='grc'>19,</span> <span class='ocrx_word' id='word_1_54' title='bbox 523 831 602 890; x_wconf 84' lang='lat' dir='ltr'>Mab.</span> <span class='ocrx_word' id='word_1_55' title='bbox 626 829 674 903; x_wconf 92' lang='grc' dir='ltr'>ΙΙ,</span> <span class='ocrx_word' id='word_1_56' title='bbox 698 851 765 889; x_wconf 88' lang='lat' dir='ltr'>ann.</span> <span class='ocrx_word' id='word_1_57' title='bbox 790 829 867 904; x_wconf 82' lang='grc'><strong>685,</strong></span> <span class='ocrx_word' id='word_1_58' title='bbox 897 852 925 908; x_wconf 91' lang='lat' dir='ltr'>p.</span> <span class='ocrx_word' id='word_1_59' title='bbox 950 831 1028 906; x_wconf 80' lang='lat'>842)</span> <span class='ocrx_word' id='word_1_60' title='bbox 1056 829 1210 888; x_wconf 81' lang='lat' dir='ltr'>Ebrardns</span> <span class='ocrx_word' id='word_1_61' title='bbox 1238 829 1283 907; x_wconf 94' lang='grc'>(0.</span> <span class='ocrx_word' id='word_1_62' title='bbox 1309 830 1388 906; x_wconf 81' lang='grc'><strong>218)</strong></span> 
     </span>
     <span class='ocr_line' id='line_1_8' title="bbox 265 918 1389 1000; baseline -0.004 -20"><span class='ocrx_word' id='word_1_63' title='bbox 265 922 438 1000; x_wconf 88' lang='lat' dir='ltr'>desumpsit.</span> <span class='ocrx_word' id='word_1_64' title='bbox 482 921 595 981; x_wconf 80' lang='lat' dir='ltr'>Narrat</span> <span class='ocrx_word' id='word_1_65' title='bbox 622 920 700 977; x_wconf 89' lang='lat' dir='ltr'>enim</span> <span class='ocrx_word' id='word_1_66' title='bbox 724 919 786 978; x_wconf 85' lang='lat' dir='ltr'>vita</span> <span class='ocrx_word' id='word_1_67' title='bbox 809 919 1016 991; x_wconf 82' lang='lat' dir='ltr'>Bercharinm‚</span> <span class='ocrx_word' id='word_1_68' title='bbox 1049 918 1224 977; x_wconf 88' lang='lat' dir='ltr'>monachum</span> <span class='ocrx_word' id='word_1_69' title='bbox 1248 938 1285 976; x_wconf 87' lang='lat' dir='ltr'>ex</span> <span class='ocrx_word' id='word_1_70' title='bbox 1308 937 1389 976; x_wconf 88' lang='lat' dir='ltr'>anno</span> 
     </span>
     <span class='ocr_line' id='line_1_9' title="bbox 265 1007 1387 1084; baseline -0.004 -15"><span class='ocrx_word' id='word_1_71' title='bbox 265 1012 326 1069; x_wconf 87' lang='lat' dir='ltr'>sere</span> <span class='ocrx_word' id='word_1_72' title='bbox 351 1010 424 1084; x_wconf 85' lang='grc'><strong>650,</strong></span> <span class='ocrx_word' id='word_1_73' title='bbox 455 1009 594 1068; x_wconf 86' lang='lat' dir='ltr'>abbatem</span> <span class='ocrx_word' id='word_1_74' title='bbox 625 1009 817 1078; x_wconf 86' lang='lat' dir='ltr'>Dervensem,</span> <span class='ocrx_word' id='word_1_75' title='bbox 849 1028 926 1066; x_wconf 91' lang='lat' dir='ltr'>anno</span> <span class='ocrx_word' id='word_1_76' title='bbox 958 1007 1022 1066; x_wconf 83' lang='lat'>685</span> <span class='ocrx_word' id='word_1_77' title='bbox 1053 1007 1243 1066; x_wconf 87' lang='lat' dir='ltr'>interfectum</span> <span class='ocrx_word' id='word_1_78' title='bbox 1274 1026 1337 1066; x_wconf 87' lang='lat' dir='ltr'>esse</span> <span class='ocrx_word' id='word_1_79' title='bbox 1369 1026 1387 1065; x_wconf 90' lang='lat' dir='ltr'>a</span> 
     </span>
     <span class='ocr_line' id='line_1_10' title="bbox 265 1092 1387 1180; baseline -0.004 -22"><span class='ocrx_word' id='word_1_80' title='bbox 265 1099 358 1158; x_wconf 88' lang='lat' dir='ltr'>filiolo</span> <span class='ocrx_word' id='word_1_81' title='bbox 381 1119 443 1172; x_wconf 90' lang='grc'><strong>000,</strong></span> <span class='ocrx_word' id='word_1_82' title='bbox 466 1117 552 1180; x_wconf 80' lang='lat' dir='ltr'>quem</span> <span class='ocrx_word' id='word_1_83' title='bbox 574 1096 611 1156; x_wconf 84' lang='lat' dir='ltr'>de</span> <span class='ocrx_word' id='word_1_84' title='bbox 633 1116 717 1157; x_wconf 77' lang='lat' dir='ltr'>sacro</span> <span class='ocrx_word' id='word_1_85' title='bbox 738 1094 825 1180; x_wconf 79' lang='lat' dir='ltr'>some</span> <span class='ocrx_word' id='word_1_86' title='bbox 851 1104 1016 1175; x_wconf 79' lang='grc'><strong>0100001010</strong></span> <span class='ocrx_word' id='word_1_87' title='bbox 1049 1092 1225 1155; x_wconf 82' lang='lat' dir='ltr'>moacctem</span> <span class='ocrx_word' id='word_1_88' title='bbox 1247 1113 1306 1154; x_wconf 79' lang='lat' dir='ltr'>ecee</span> <span class='ocrx_word' id='word_1_89' title='bbox 1327 1103 1387 1154; x_wconf 82' lang='grc'><strong>010-</strong></span> 
     </span>
     <span class='ocr_line' id='line_1_11' title="bbox 257 1181 1387 1267; baseline -0.007 -17"><span class='ocrx_word' id='word_1_90' title='bbox 257 1197 367 1258; x_wconf 74' lang='grc'><strong>1000001,</strong></span> <span class='ocrx_word' id='word_1_91' title='bbox 390 1196 425 1247; x_wconf 89' lang='grc'>01</span> <span class='ocrx_word' id='word_1_92' title='bbox 440 1185 540 1266; x_wconf 69' lang='lat' dir='ltr'>patrie</span> <span class='ocrx_word' id='word_1_93' title='bbox 562 1184 701 1266; x_wconf 74' lang='lat' dir='ltr'>scapulae</span> <span class='ocrx_word' id='word_1_94' title='bbox 722 1205 829 1244; x_wconf 79' lang='lat' dir='ltr'>manue</span> <span class='ocrx_word' id='word_1_95' title='bbox 845 1183 989 1265; x_wconf 72' lang='lat' dir='ltr'>proprius</span> <span class='ocrx_word' id='word_1_96' title='bbox 1012 1183 1165 1266; x_wconf 79' lang='lat' dir='ltr'>impudens</span> <span class='ocrx_word' id='word_1_97' title='bbox 1177 1181 1265 1267; x_wconf 80' lang='lat' dir='ltr'>filine</span> <span class='ocrx_word' id='word_1_98' title='bbox 1286 1203 1387 1244; x_wconf 80' lang='lat' dir='ltr'>raecu-</span> 
     </span>
     <span class='ocr_line' id='line_1_12' title="bbox 266 1274 1389 1349; baseline -0.005 -12"><span class='ocrx_word' id='word_1_99' title='bbox 266 1276 347 1337; x_wconf 81' lang='grc'><strong>10001.</strong></span> <span class='ocrx_word' id='word_1_100' title='bbox 393 1276 533 1335; x_wconf 78' lang='lat' dir='ltr'>Profecto</span> <span class='ocrx_word' id='word_1_101' title='bbox 555 1275 628 1333; x_wconf 89' lang='lat' dir='ltr'>haec</span> <span class='ocrx_word' id='word_1_102' title='bbox 652 1274 773 1333; x_wconf 87' lang='lat' dir='ltr'>tandem</span> <span class='ocrx_word' id='word_1_103' title='bbox 795 1276 888 1334; x_wconf 85' lang='lat' dir='ltr'>verba</span> <span class='ocrx_word' id='word_1_104' title='bbox 911 1274 1050 1334; x_wconf 86' lang='lat' dir='ltr'>videntur</span> <span class='ocrx_word' id='word_1_105' title='bbox 1072 1294 1135 1332; x_wconf 90' lang='lat' dir='ltr'>esse</span> <span class='ocrx_word' id='word_1_106' title='bbox 1158 1274 1278 1345; x_wconf 89' lang='lat' dir='ltr'>idonea,</span> <span class='ocrx_word' id='word_1_107' title='bbox 1310 1293 1389 1349; x_wconf 90' lang='lat' dir='ltr'>quae</span> 
     </span>
     <span class='ocr_line' id='line_1_13' title="bbox 268 1360 1389 1444; baseline -0.004 -19"><span class='ocrx_word' id='word_1_108' title='bbox 268 1367 470 1444; x_wconf 85' lang='lat' dir='ltr'>comprobent,</span> <span class='ocrx_word' id='word_1_109' title='bbox 494 1364 584 1423; x_wconf 88' lang='grc'><strong>101000</strong></span> <span class='ocrx_word' id='word_1_110' title='bbox 599 1364 765 1435; x_wconf 87' lang='lat' dir='ltr'>monachos,</span> <span class='ocrx_word' id='word_1_111' title='bbox 790 1364 842 1441; x_wconf 91' lang='lat' dir='ltr'>qui</span> <span class='ocrx_word' id='word_1_112' title='bbox 865 1383 971 1424; x_wconf 87' lang='lat' dir='ltr'>uxores</span> <span class='ocrx_word' id='word_1_113' title='bbox 994 1362 1142 1421; x_wconf 85' lang='lat' dir='ltr'>duxerint.</span> <span class='ocrx_word' id='word_1_114' title='bbox 1174 1360 1233 1420; x_wconf 83' lang='lat' dir='ltr'>Sed</span> <span class='ocrx_word' id='word_1_115' title='bbox 1249 1362 1282 1434; x_wconf 89' lang='grc'>01,</span> <span class='ocrx_word' id='word_1_116' title='bbox 1307 1361 1389 1439; x_wconf 89' lang='lat' dir='ltr'>qnod</span> 
     </span>
     <span class='ocr_line' id='line_1_14' title="bbox 266 1450 1388 1529; baseline -0.004 -17"><span class='ocrx_word' id='word_1_117' title='bbox 266 1454 420 1514; x_wconf 82' lang='lat' dir='ltr'>Ebrardus</span> <span class='ocrx_word' id='word_1_118' title='bbox 444 1453 552 1524; x_wconf 87' lang='lat' dir='ltr'>omisit,</span> <span class='ocrx_word' id='word_1_119' title='bbox 576 1452 692 1529; x_wconf 82' lang='lat' dir='ltr'>legeris,</span> <span class='ocrx_word' id='word_1_120' title='bbox 717 1471 792 1529; x_wconf 90' lang='lat' dir='ltr'>quae</span> <span class='ocrx_word' id='word_1_121' title='bbox 823 1459 1001 1529; x_wconf 81' lang='lat' dir='ltr'>sequuntur,</span> <span class='ocrx_word' id='word_1_122' title='bbox 1031 1452 1164 1510; x_wconf 88' lang='lat' dir='ltr'>invenies</span> <span class='ocrx_word' id='word_1_123' title='bbox 1193 1450 1388 1510; x_wconf 88' lang='lat' dir='ltr'>Bercharium</span> 
     </span>
     <span class='ocr_line' id='line_1_15' title="bbox 266 1535 1391 1621; baseline -0.003 -19"><span class='ocrx_word' id='word_1_124' title='bbox 266 1543 442 1602; x_wconf 87' lang='lat' dir='ltr'>morientem</span> <span class='ocrx_word' id='word_1_125' title='bbox 474 1541 582 1601; x_wconf 82' lang='lat' dir='ltr'>dixisse</span> <span class='ocrx_word' id='word_1_126' title='bbox 605 1541 802 1600; x_wconf 83' lang='lat' dir='ltr'>interfectori:</span> <span class='ocrx_word' id='word_1_127' title='bbox 837 1539 925 1600; x_wconf 73' lang='grc'><strong>(1000</strong></span> <span class='ocrx_word' id='word_1_128' title='bbox 954 1538 1019 1610; x_wconf 76' lang='lat' dir='ltr'>eei,</span> <span class='ocrx_word' id='word_1_129' title='bbox 1043 1538 1181 1620; x_wconf 84' lang='lat' dir='ltr'>frater,</span> <span class='ocrx_word' id='word_1_130' title='bbox 1208 1535 1391 1621; x_wconf 73' lang='lat' dir='ltr'>placabilem</span> 
     </span>
     <span class='ocr_line' id='line_1_16' title="bbox 255 1629 1394 1716; baseline -0.004 -25"><span class='ocrx_word' id='word_1_131' title='bbox 255 1629 331 1716; x_wconf 82' lang='lat' dir='ltr'>fieri</span> <span class='ocrx_word' id='word_1_132' title='bbox 353 1629 475 1702; x_wconf 79' lang='lat' dir='ltr'>studete,</span> <span class='ocrx_word' id='word_1_133' title='bbox 500 1649 570 1707; x_wconf 83' lang='lat' dir='ltr'>ergo</span> <span class='ocrx_word' id='word_1_134' title='bbox 594 1631 752 1689; x_wconf 87' lang='lat' dir='ltr'>monachus</span> <span class='ocrx_word' id='word_1_135' title='bbox 775 1630 826 1689; x_wconf 93' lang='lat' dir='ltr'>ille</span> <span class='ocrx_word' id='word_1_136' title='bbox 849 1630 906 1688; x_wconf 92' lang='lat' dir='ltr'>nisi</span> <span class='ocrx_word' id='word_1_137' title='bbox 934 1629 1092 1687; x_wconf 85' lang='lat' dir='ltr'>immutata</span> <span class='ocrx_word' id='word_1_138' title='bbox 1115 1631 1274 1688; x_wconf 89' lang='lat' dir='ltr'>verborum</span> <span class='ocrx_word' id='word_1_139' title='bbox 1296 1629 1394 1705; x_wconf 85' lang='lat' dir='ltr'>signi·-</span> 
     </span>
     <span class='ocr_line' id='line_1_17' title="bbox 265 1717 1388 1796; baseline -0.004 -17"><span class='ocrx_word' id='word_1_140' title='bbox 265 1719 403 1779; x_wconf 87' lang='lat' dir='ltr'>fioatioue</span> <span class='ocrx_word' id='word_1_141' title='bbox 418 1718 498 1778; x_wconf 89' lang='lat' dir='ltr'>filius</span> <span class='ocrx_word' id='word_1_142' title='bbox 515 1726 545 1778; x_wconf 92' lang='lat' dir='ltr'>et</span> <span class='ocrx_word' id='word_1_143' title='bbox 559 1718 668 1778; x_wconf 87' lang='lat' dir='ltr'>ffliolns</span> <span class='ocrx_word' id='word_1_144' title='bbox 679 1719 834 1777; x_wconf 88' lang='lat' dir='ltr'>Bercharii</span> <span class='ocrx_word' id='word_1_145' title='bbox 850 1719 1017 1796; x_wconf 87' lang='lat' dir='ltr'>appellatus</span> <span class='ocrx_word' id='word_1_146' title='bbox 1033 1738 1092 1776; x_wconf 90' lang='grc'>000</span> <span class='ocrx_word' id='word_1_147' title='bbox 1108 1724 1208 1776; x_wconf 89' lang='lat' dir='ltr'>est-</span> <span class='ocrx_word' id='word_1_148' title='bbox 1222 1717 1322 1776; x_wconf 88' lang='lat' dir='ltr'>eodem</span> <span class='ocrx_word' id='word_1_149' title='bbox 1338 1717 1388 1776; x_wconf 89' lang='lat' dir='ltr'>vel</span> 
     </span>
     <span class='ocr_line' id='line_1_18' title="bbox 267 1805 1389 1885; baseline -0.004 -17"><span class='ocrx_word' id='word_1_150' title='bbox 267 1810 357 1869; x_wconf 83' lang='lat' dir='ltr'>simili</span> <span class='ocrx_word' id='word_1_151' title='bbox 379 1809 475 1880; x_wconf 88' lang='lat' dir='ltr'>modo,</span> <span class='ocrx_word' id='word_1_152' title='bbox 500 1828 558 1885; x_wconf 91' lang='lat' dir='ltr'>quo</span> <span class='ocrx_word' id='word_1_153' title='bbox 581 1808 612 1865; x_wconf 90' lang='lat' dir='ltr'>in</span> <span class='ocrx_word' id='word_1_154' title='bbox 636 1808 681 1880; x_wconf 87' lang='lat' dir='ltr'>iis,</span> <span class='ocrx_word' id='word_1_155' title='bbox 706 1827 781 1884; x_wconf 88' lang='lat' dir='ltr'>quae</span> <span class='ocrx_word' id='word_1_156' title='bbox 805 1806 996 1879; x_wconf 89' lang='lat' dir='ltr'>antecedunt,</span> <span class='ocrx_word' id='word_1_157' title='bbox 1027 1806 1264 1865; x_wconf 87' lang='lat' dir='ltr'>sanctimoniales</span> <span class='ocrx_word' id='word_1_158' title='bbox 1293 1805 1389 1864; x_wconf 90' lang='lat' dir='ltr'>eidem</span> 
     </span>
     <span class='ocr_line' id='line_1_19' title="bbox 265 1892 1392 1980; baseline -0.003 -24"><span class='ocrx_word' id='word_1_159' title='bbox 265 1897 428 1957; x_wconf 91' lang='lat' dir='ltr'>Bercbario</span> <span class='ocrx_word' id='word_1_160' title='bbox 460 1897 597 1956; x_wconf 88' lang='lat' dir='ltr'>subditae</span> <span class='ocrx_word' id='word_1_161' title='bbox 619 1892 733 1980; x_wconf 77' lang='lat' dir='ltr'>filiolae</span> <span class='ocrx_word' id='word_1_162' title='bbox 763 1897 953 1974; x_wconf 87' lang='lat' dir='ltr'>appellantur</span> <span class='ocrx_word' id='word_1_163' title='bbox 984 1896 1022 1954; x_wconf 91' lang='lat' dir='ltr'>ab</span> <span class='ocrx_word' id='word_1_164' title='bbox 1054 1916 1097 1953; x_wconf 93' lang='lat' dir='ltr'>eo.</span> <span class='ocrx_word' id='word_1_165' title='bbox 1143 1894 1203 1954; x_wconf 82' lang='lat' dir='ltr'>Sed</span> <span class='ocrx_word' id='word_1_166' title='bbox 1233 1894 1392 1973; x_wconf 76' lang='lat' dir='ltr'>angustius</span> 
     </span>
     <span class='ocr_line' id='line_1_20' title="bbox 266 1983 1394 2064; baseline -0.003 -18"><span class='ocrx_word' id='word_1_167' title='bbox 266 1989 365 2047; x_wconf 87' lang='lat' dir='ltr'>valere</span> <span class='ocrx_word' id='word_1_168' title='bbox 389 1987 441 2045; x_wconf 90' lang='lat' dir='ltr'>illo</span> <span class='ocrx_word' id='word_1_169' title='bbox 464 1987 529 2044; x_wconf 93' lang='lat' dir='ltr'>loco</span> <span class='ocrx_word' id='word_1_170' title='bbox 552 1992 626 2064; x_wconf 90' lang='lat' dir='ltr'>puto</span> <span class='ocrx_word' id='word_1_171' title='bbox 650 2005 752 2044; x_wconf 88' lang='lat' dir='ltr'>vocem</span> <span class='ocrx_word' id='word_1_172' title='bbox 774 1984 829 2043; x_wconf 88' lang='lat' dir='ltr'>filii</span> <span class='ocrx_word' id='word_1_173' title='bbox 851 1986 898 2044; x_wconf 92' lang='lat' dir='ltr'>vel</span> <span class='ocrx_word' id='word_1_174' title='bbox 921 1985 1018 2056; x_wconf 87' lang='lat' dir='ltr'>filioli,</span> <span class='ocrx_word' id='word_1_175' title='bbox 1050 2005 1118 2042; x_wconf 91' lang='lat' dir='ltr'>nam</span> <span class='ocrx_word' id='word_1_176' title='bbox 1148 1983 1222 2041; x_wconf 91' lang='lat' dir='ltr'>illud</span> <span class='ocrx_word' id='word_1_177' title='bbox 1245 2002 1331 2064; x_wconf 83' lang='lat' dir='ltr'>quem</span> <span class='ocrx_word' id='word_1_178' title='bbox 1353 1983 1394 2043; x_wconf 80' lang='lat' dir='ltr'>de</span> 
     </span>
     <span class='ocr_line' id='line_1_21' title="bbox 266 2072 1391 2157; baseline -0.004 -22"><span class='ocrx_word' id='word_1_179' title='bbox 266 2095 350 2135; x_wconf 81' lang='lat' dir='ltr'>sacro</span> <span class='ocrx_word' id='word_1_180' title='bbox 365 2072 452 2157; x_wconf 79' lang='lat' dir='ltr'>fonte</span> <span class='ocrx_word' id='word_1_181' title='bbox 473 2083 639 2157; x_wconf 68' lang='lat' dir='ltr'>anteceptam</span> <span class='ocrx_word' id='word_1_182' title='bbox 662 2082 717 2133; x_wconf 88' lang='lat' dir='ltr'>eto.</span> <span class='ocrx_word' id='word_1_183' title='bbox 748 2073 881 2134; x_wconf 88' lang='lat' dir='ltr'>ostendit</span> <span class='ocrx_word' id='word_1_184' title='bbox 907 2072 1030 2133; x_wconf 86' lang='lat' dir='ltr'>filiolum</span> <span class='ocrx_word' id='word_1_185' title='bbox 1061 2073 1117 2131; x_wconf 89' lang='lat' dir='ltr'>hoe</span> <span class='ocrx_word' id='word_1_186' title='bbox 1146 2074 1211 2131; x_wconf 90' lang='lat' dir='ltr'>loco</span> <span class='ocrx_word' id='word_1_187' title='bbox 1241 2072 1391 2131; x_wconf 86' lang='lat' dir='ltr'>nominari</span> 
     </span>
     <span class='ocr_line' id='line_1_22' title="bbox 269 2161 1393 2240; baseline -0.003 -18"><span class='ocrx_word' id='word_1_188' title='bbox 269 2184 345 2236; x_wconf 89' lang='lat' dir='ltr'>eum,</span> <span class='ocrx_word' id='word_1_189' title='bbox 370 2167 453 2239; x_wconf 84' lang='lat' dir='ltr'>cujus</span> <span class='ocrx_word' id='word_1_190' title='bbox 480 2164 630 2240; x_wconf 88' lang='lat' dir='ltr'>baptismo</span> <span class='ocrx_word' id='word_1_191' title='bbox 654 2162 833 2222; x_wconf 87' lang='lat' dir='ltr'>Bercbarius</span> <span class='ocrx_word' id='word_1_192' title='bbox 862 2182 986 2240; x_wconf 82' lang='lat' dir='ltr'>sponsor</span> <span class='ocrx_word' id='word_1_193' title='bbox 1013 2162 1198 2221; x_wconf 82' lang='lat' dir='ltr'>interfuerat.</span> <span class='ocrx_word' id='word_1_194' title='bbox 1244 2161 1286 2220; x_wconf 80' lang='lat' dir='ltr'>Et</span> <span class='ocrx_word' id='word_1_195' title='bbox 1313 2161 1393 2220; x_wconf 89' lang='lat' dir='ltr'>hauc</span> 
     </span>
     <span class='ocr_line' id='line_1_23' title="bbox 264 2249 1393 2329; baseline -0.002 -18"><span class='ocrx_word' id='word_1_196' title='bbox 264 2252 348 2311; x_wconf 80' lang='grc'><strong>00010</strong></span> <span class='ocrx_word' id='word_1_197' title='bbox 381 2249 465 2309; x_wconf 87' lang='lat' dir='ltr'>filioli</span> <span class='ocrx_word' id='word_1_198' title='bbox 496 2250 741 2327; x_wconf 79' lang='lat' dir='ltr'>significationem</span> <span class='ocrx_word' id='word_1_199' title='bbox 772 2251 853 2329; x_wconf 89' lang='lat' dir='ltr'>apud</span> <span class='ocrx_word' id='word_1_200' title='bbox 882 2270 983 2310; x_wconf 90' lang='lat' dir='ltr'>omnes</span> <span class='ocrx_word' id='word_1_201' title='bbox 1013 2250 1102 2309; x_wconf 86' lang='lat' dir='ltr'>medii</span> <span class='ocrx_word' id='word_1_202' title='bbox 1133 2250 1199 2309; x_wconf 85' lang='lat' dir='ltr'>aevi</span> <span class='ocrx_word' id='word_1_203' title='bbox 1229 2251 1393 2329; x_wconf 90' lang='lat' dir='ltr'>scriptores</span> 
     </span>
     <span class='ocr_line' id='line_1_24' title="bbox 265 2338 1151 2416; baseline -0.001 -17"><span class='ocrx_word' id='word_1_204' title='bbox 265 2360 420 2399; x_wconf 89' lang='lat' dir='ltr'>occurrere</span> <span class='ocrx_word' id='word_1_205' title='bbox 442 2338 573 2397; x_wconf 87' lang='lat' dir='ltr'>affirmat</span> <span class='ocrx_word' id='word_1_206' title='bbox 594 2339 779 2416; x_wconf 83' lang='lat' dir='ltr'>Loeningius</span> <span class='ocrx_word' id='word_1_207' title='bbox 802 2339 858 2416; x_wconf 92' lang='grc' dir='ltr'><strong>(ΙΙ,</strong></span> <span class='ocrx_word' id='word_1_208' title='bbox 881 2360 910 2416; x_wconf 92' lang='lat' dir='ltr'>p.</span> <span class='ocrx_word' id='word_1_209' title='bbox 935 2340 997 2397; x_wconf 80' lang='lat'>427</span> <span class='ocrx_word' id='word_1_210' title='bbox 1023 2347 1085 2398; x_wconf 92' lang='lat' dir='ltr'>not.</span> <span class='ocrx_word' id='word_1_211' title='bbox 1110 2341 1151 2416; x_wconf 79' lang='lat'>2).</span> 
     </span>
    </p>

    <p class='ocr_par' dir='ltr' id='par_1_3' title="bbox 257 2427 1393 2772">
     <span class='ocr_line' id='line_1_25' title="bbox 356 2427 1393 2505; baseline -0.001 -18"><span class='ocrx_word' id='word_1_212' title='bbox 356 2429 440 2487; x_wconf 85' lang='lat' dir='ltr'>Haec</span> <span class='ocrx_word' id='word_1_213' title='bbox 470 2429 506 2486; x_wconf 91' lang='lat' dir='ltr'>de</span> <span class='ocrx_word' id='word_1_214' title='bbox 536 2427 667 2487; x_wconf 82' lang='lat' dir='ltr'>Ebrardi</span> <span class='ocrx_word' id='word_1_215' title='bbox 696 2428 883 2487; x_wconf 89' lang='lat' dir='ltr'>testimoniis.</span> <span class='ocrx_word' id='word_1_216' title='bbox 930 2428 1019 2488; x_wconf 84' lang='lat' dir='ltr'>Certo</span> <span class='ocrx_word' id='word_1_217' title='bbox 1049 2428 1163 2488; x_wconf 89' lang='lat' dir='ltr'>leviora</span> <span class='ocrx_word' id='word_1_218' title='bbox 1185 2434 1268 2500; x_wconf 83' lang='lat' dir='ltr'>sunt,</span> <span class='ocrx_word' id='word_1_219' title='bbox 1300 2448 1393 2505; x_wconf 87' lang='lat' dir='ltr'>quam</span> 
     </span>
     <span class='ocr_line' id='line_1_26' title="bbox 260 2515 1391 2596; baseline 0 -21"><span class='ocrx_word' id='word_1_220' title='bbox 260 2518 378 2594; x_wconf 58' lang='lat' dir='ltr'>&lt;quibus</span> <span class='ocrx_word' id='word_1_221' title='bbox 401 2537 445 2590; x_wconf 96' lang='grc'>00,</span> <span class='ocrx_word' id='word_1_222' title='bbox 470 2536 545 2594; x_wconf 89' lang='lat' dir='ltr'>quae</span> <span class='ocrx_word' id='word_1_223' title='bbox 568 2537 605 2575; x_wconf 85' lang='lat' dir='ltr'>ex</span> <span class='ocrx_word' id='word_1_224' title='bbox 627 2517 721 2596; x_wconf 87' lang='lat' dir='ltr'>ipsius</span> <span class='ocrx_word' id='word_1_225' title='bbox 736 2515 898 2576; x_wconf 78' lang='lat' dir='ltr'>Columbae</span> <span class='ocrx_word' id='word_1_226' title='bbox 922 2517 1040 2595; x_wconf 89' lang='lat' dir='ltr'>scriptis</span> <span class='ocrx_word' id='word_1_227' title='bbox 1063 2517 1220 2576; x_wconf 89' lang='lat' dir='ltr'>didicimus</span> <span class='ocrx_word' id='word_1_228' title='bbox 1243 2517 1293 2594; x_wconf 91' lang='lat' dir='ltr'>(of.</span> <span class='ocrx_word' id='word_1_229' title='bbox 1309 2537 1391 2595; x_wconf 89' lang='lat' dir='ltr'>supr.</span> 
     </span>
     <span class='ocr_line' id='line_1_27' title="bbox 257 2604 1392 2684; baseline 0.001 -22"><span class='ocrx_word' id='word_1_230' title='bbox 257 2625 297 2684; x_wconf 26' lang='lat' dir='ltr'>sp.</span> <span class='ocrx_word' id='word_1_231' title='bbox 316 2606 392 2681; x_wconf 88' lang='grc'><strong>100)</strong></span> <span class='ocrx_word' id='word_1_232' title='bbox 408 2604 571 2677; x_wconf 86' lang='lat' dir='ltr'>diluantur,</span> <span class='ocrx_word' id='word_1_233' title='bbox 587 2626 657 2682; x_wconf 82' lang='lat' dir='ltr'>ergo</span> <span class='ocrx_word' id='word_1_234' title='bbox 681 2605 815 2666; x_wconf 85' lang='lat' dir='ltr'>dubitari</span> <span class='ocrx_word' id='word_1_235' title='bbox 836 2626 896 2664; x_wconf 90' lang='lat' dir='ltr'>non</span> <span class='ocrx_word' id='word_1_236' title='bbox 919 2611 1027 2683; x_wconf 84' lang='lat' dir='ltr'>potest,</span> <span class='ocrx_word' id='word_1_237' title='bbox 1051 2607 1123 2683; x_wconf 89' lang='lat' dir='ltr'>quin</span> <span class='ocrx_word' id='word_1_238' title='bbox 1147 2605 1303 2665; x_wconf 81' lang='lat' dir='ltr'>Scotorum</span> <span class='ocrx_word' id='word_1_239' title='bbox 1327 2624 1392 2664; x_wconf 90' lang='lat' dir='ltr'>mo·</span> 
     </span>
     <span class='ocr_line' id='line_1_28' title="bbox 268 2693 1205 2772; baseline -0.001 -19"><span class='ocrx_word' id='word_1_240' title='bbox 268 2695 356 2753; x_wconf 89' lang='lat' dir='ltr'>nachi</span> <span class='ocrx_word' id='word_1_241' title='bbox 378 2693 603 2772; x_wconf 82' lang='lat' dir='ltr'>peregrinantes</span> <span class='ocrx_word' id='word_1_242' title='bbox 627 2695 809 2771; x_wconf 83' lang='lat' dir='ltr'>virginitatis</span> <span class='ocrx_word' id='word_1_243' title='bbox 832 2703 903 2754; x_wconf 88' lang='lat' dir='ltr'>voto</span> <span class='ocrx_word' id='word_1_244' title='bbox 926 2695 1037 2754; x_wconf 89' lang='lat' dir='ltr'>fuerint</span> <span class='ocrx_word' id='word_1_245' title='bbox 1059 2695 1205 2754; x_wconf 86' lang='lat' dir='ltr'>obstricti.</span> 
     </span>
    </p>

    <p class='ocr_par' dir='ltr' id='par_1_4' title="bbox 236 2781 1395 3929">
     <span class='ocr_line' id='line_1_29' title="bbox 357 2781 1390 2861; baseline 0.001 -20"><span class='ocrx_word' id='word_1_246' title='bbox 357 2783 471 2857; x_wconf 79' lang='lat' dir='ltr'>Quodsi</span> <span class='ocrx_word' id='word_1_247' title='bbox 494 2782 573 2861; x_wconf 87' lang='lat' dir='ltr'>apud</span> <span class='ocrx_word' id='word_1_248' title='bbox 597 2781 702 2842; x_wconf 81' lang='lat' dir='ltr'>Scotos</span> <span class='ocrx_word' id='word_1_249' title='bbox 725 2802 826 2841; x_wconf 89' lang='lat' dir='ltr'>omnes</span> <span class='ocrx_word' id='word_1_250' title='bbox 850 2783 950 2843; x_wconf 86' lang='lat' dir='ltr'>clerici</span> <span class='ocrx_word' id='word_1_251' title='bbox 976 2782 1067 2841; x_wconf 91' lang='lat' dir='ltr'>iidem</span> <span class='ocrx_word' id='word_1_252' title='bbox 1095 2783 1231 2842; x_wconf 90' lang='lat' dir='ltr'>monachi</span> <span class='ocrx_word' id='word_1_253' title='bbox 1254 2783 1390 2856; x_wconf 83' lang='lat' dir='ltr'>fuissent,</span> 
     </span>
     <span class='ocr_line' id='line_1_30' title="bbox 236 2869 1390 2948; baseline -0.001 -17"><span class='ocrx_word' id='word_1_254' title='bbox 236 2912 237 2916; x_wconf 56' lang='lat'><em>=</em></span> <span class='ocrx_word' id='word_1_255' title='bbox 264 2871 358 2933; x_wconf 62' lang='lat' dir='ltr'>&gt;etiam</span> <span class='ocrx_word' id='word_1_256' title='bbox 387 2872 424 2931; x_wconf 89' lang='lat' dir='ltr'>de</span> <span class='ocrx_word' id='word_1_257' title='bbox 452 2871 625 2931; x_wconf 90' lang='lat' dir='ltr'>clericorum</span> <span class='ocrx_word' id='word_1_258' title='bbox 653 2871 849 2931; x_wconf 89' lang='lat' dir='ltr'>matrimoniis</span> <span class='ocrx_word' id='word_1_259' title='bbox 880 2872 954 2931; x_wconf 91' lang='grc'><strong>00110</strong></span> <span class='ocrx_word' id='word_1_260' title='bbox 974 2874 1037 2948; x_wconf 86' lang='lat' dir='ltr'>jam</span> <span class='ocrx_word' id='word_1_261' title='bbox 1060 2879 1139 2931; x_wconf 90' lang='lat' dir='ltr'>esset</span> <span class='ocrx_word' id='word_1_262' title='bbox 1161 2871 1283 2932; x_wconf 86' lang='lat' dir='ltr'>dictum.</span> <span class='ocrx_word' id='word_1_263' title='bbox 1328 2869 1390 2930; x_wconf 83' lang='lat' dir='ltr'>Sed</span> 
     </span>
     <span class='ocr_line' id='line_1_31' title="bbox 267 2961 1390 3038; baseline -0.002 -18"><span class='ocrx_word' id='word_1_264' title='bbox 267 2961 357 3020; x_wconf 91' lang='lat' dir='ltr'>dubia</span> <span class='ocrx_word' id='word_1_265' title='bbox 379 2961 451 3019; x_wconf 89' lang='lat' dir='ltr'>baec</span> <span class='ocrx_word' id='word_1_266' title='bbox 474 2980 522 3019; x_wconf 92' lang='lat' dir='ltr'>res</span> <span class='ocrx_word' id='word_1_267' title='bbox 545 2968 592 3020; x_wconf 92' lang='lat' dir='ltr'>est</span> <span class='ocrx_word' id='word_1_268' title='bbox 615 2961 664 3036; x_wconf 87' lang='lat' dir='ltr'>(cf.</span> <span class='ocrx_word' id='word_1_269' title='bbox 688 2980 778 3038; x_wconf 90' lang='lat' dir='ltr'>supra</span> <span class='ocrx_word' id='word_1_270' title='bbox 800 2981 829 3037; x_wconf 92' lang='lat' dir='ltr'>p.</span> <span class='ocrx_word' id='word_1_271' title='bbox 855 2963 893 3019; x_wconf 87' lang='grc'>61</span> <span class='ocrx_word' id='word_1_272' title='bbox 920 2967 951 3021; x_wconf 90' lang='grc'>01</span> <span class='ocrx_word' id='word_1_273' title='bbox 974 2962 1040 3038; x_wconf 81' lang='grc'><strong>82),</strong></span> <span class='ocrx_word' id='word_1_274' title='bbox 1063 2961 1136 3037; x_wconf 92' lang='lat' dir='ltr'>quin</span> <span class='ocrx_word' id='word_1_275' title='bbox 1159 2962 1250 3020; x_wconf 87' lang='lat' dir='ltr'>etiam</span> <span class='ocrx_word' id='word_1_276' title='bbox 1274 2966 1390 3020; x_wconf 91' lang='lat' dir='ltr'>certum</span> 
     </span>
     <span class='ocr_line' id='line_1_32' title="bbox 267 3049 1392 3126; baseline 0.001 -18"><span class='ocrx_word' id='word_1_277' title='bbox 267 3057 313 3108; x_wconf 90' lang='grc'>001</span> <span class='ocrx_word' id='word_1_278' title='bbox 347 3067 534 3124; x_wconf 88' lang='lat' dir='ltr'>nequaquam</span> <span class='ocrx_word' id='word_1_279' title='bbox 569 3069 670 3108; x_wconf 91' lang='lat' dir='ltr'>omnes</span> <span class='ocrx_word' id='word_1_280' title='bbox 700 3049 866 3107; x_wconf 88' lang='lat' dir='ltr'>Hiberniae</span> <span class='ocrx_word' id='word_1_281' title='bbox 904 3049 1026 3109; x_wconf 90' lang='lat' dir='ltr'>clericos</span> <span class='ocrx_word' id='word_1_282' title='bbox 1065 3049 1196 3126; x_wconf 88' lang='lat' dir='ltr'>ejusdem</span> <span class='ocrx_word' id='word_1_283' title='bbox 1231 3049 1392 3119; x_wconf 82' lang='lat' dir='ltr'>strictioris</span> 
     </span>
     <span class='ocr_line' id='line_1_33' title="bbox 257 3136 1387 3217; baseline 0.002 -22"><span class='ocrx_word' id='word_1_284' title='bbox 257 3136 473 3196; x_wconf 85' lang='lat' dir='ltr'>:observantiae</span> <span class='ocrx_word' id='word_1_285' title='bbox 496 3136 655 3195; x_wconf 89' lang='lat' dir='ltr'>monachos</span> <span class='ocrx_word' id='word_1_286' title='bbox 682 3136 771 3196; x_wconf 88' lang='lat' dir='ltr'>fuisse</span> <span class='ocrx_word' id='word_1_287' title='bbox 799 3142 888 3214; x_wconf 90' lang='lat' dir='ltr'>atque</span> <span class='ocrx_word' id='word_1_288' title='bbox 916 3139 1142 3216; x_wconf 83' lang='lat' dir='ltr'>peregrinantes</span> <span class='ocrx_word' id='word_1_289' title='bbox 1165 3141 1270 3217; x_wconf 79' lang='lat' dir='ltr'>(supra</span> <span class='ocrx_word' id='word_1_290' title='bbox 1291 3158 1320 3215; x_wconf 89' lang='lat' dir='ltr'>p.</span> <span class='ocrx_word' id='word_1_291' title='bbox 1346 3139 1387 3197; x_wconf 90' lang='grc'>61</span> 
     </span>
     <span class='ocr_line' id='line_1_34' title="bbox 267 3223 1390 3302; baseline 0.002 -18"><span class='ocrx_word' id='word_1_292' title='bbox 267 3233 298 3285; x_wconf 89' lang='grc'>01</span> <span class='ocrx_word' id='word_1_293' title='bbox 322 3227 385 3302; x_wconf 86' lang='grc'>67).</span> <span class='ocrx_word' id='word_1_294' title='bbox 431 3223 483 3284; x_wconf 86' lang='lat' dir='ltr'>An</span> <span class='ocrx_word' id='word_1_295' title='bbox 505 3224 565 3293; x_wconf 84' lang='lat' dir='ltr'>illis</span> <span class='ocrx_word' id='word_1_296' title='bbox 587 3224 713 3299; x_wconf 86' lang='lat' dir='ltr'>clericis,</span> <span class='ocrx_word' id='word_1_297' title='bbox 743 3225 806 3285; x_wconf 89' lang='grc'><strong>0100</strong></span> <span class='ocrx_word' id='word_1_298' title='bbox 829 3226 965 3285; x_wconf 90' lang='lat' dir='ltr'>monachi</span> <span class='ocrx_word' id='word_1_299' title='bbox 988 3227 1105 3285; x_wconf 91' lang='lat' dir='ltr'>dicendi</span> <span class='ocrx_word' id='word_1_300' title='bbox 1134 3235 1203 3287; x_wconf 89' lang='lat' dir='ltr'>sunt</span> <span class='ocrx_word' id='word_1_301' title='bbox 1233 3227 1296 3287; x_wconf 89' lang='lat' dir='ltr'>sive</span> <span class='ocrx_word' id='word_1_302' title='bbox 1327 3246 1390 3286; x_wconf 90' lang='lat' dir='ltr'>non</span> 
     </span>
     <span class='ocr_line' id='line_1_35' title="bbox 267 3313 1392 3387; baseline 0.002 -14"><span class='ocrx_word' id='word_1_303' title='bbox 267 3314 397 3387; x_wconf 87' lang='lat' dir='ltr'>dicendi,</span> <span class='ocrx_word' id='word_1_304' title='bbox 420 3313 451 3372; x_wconf 90' lang='lat' dir='ltr'>in</span> <span class='ocrx_word' id='word_1_305' title='bbox 474 3314 671 3374; x_wconf 89' lang='lat' dir='ltr'>matrimoniis</span> <span class='ocrx_word' id='word_1_306' title='bbox 694 3315 795 3375; x_wconf 85' lang='lat' dir='ltr'>vivere</span> <span class='ocrx_word' id='word_1_307' title='bbox 821 3315 951 3375; x_wconf 84' lang='lat' dir='ltr'>licebat?</span> <span class='ocrx_word' id='word_1_308' title='bbox 983 3315 1041 3375; x_wconf 80' lang='lat' dir='ltr'>An</span> <span class='ocrx_word' id='word_1_309' title='bbox 1068 3315 1138 3374; x_wconf 88' lang='lat' dir='ltr'>inde</span> <span class='ocrx_word' id='word_1_310' title='bbox 1165 3317 1278 3375; x_wconf 89' lang='lat' dir='ltr'>dictum</span> <span class='ocrx_word' id='word_1_311' title='bbox 1302 3321 1392 3375; x_wconf 84' lang='grc'><strong>0110</strong></span> 
     </span>
     <span class='ocr_line' id='line_1_36' title="bbox 267 3399 1391 3487; baseline 0.002 -25"><span class='ocrx_word' id='word_1_312' title='bbox 267 3402 412 3463; x_wconf 82' lang='lat' dir='ltr'>Columba</span> <span class='ocrx_word' id='word_1_313' title='bbox 438 3400 482 3462; x_wconf 77' lang='grc'>61.</span> <span class='ocrx_word' id='word_1_314' title='bbox 514 3399 733 3482; x_wconf 74' lang='lat' dir='ltr'>Hieronymum</span> <span class='ocrx_word' id='word_1_315' title='bbox 755 3400 877 3484; x_wconf 67' lang='lat' dir='ltr'>jvncrese</span> <span class='ocrx_word' id='word_1_316' title='bbox 908 3402 1058 3483; x_wconf 67' lang='grc'><strong>0002000000</strong></span> <span class='ocrx_word' id='word_1_317' title='bbox 1091 3402 1204 3464; x_wconf 65' lang='lat' dir='ltr'>enitare</span> <span class='ocrx_word' id='word_1_318' title='bbox 1231 3401 1391 3487; x_wconf 80' lang='lat' dir='ltr'>apostolos,</span> 
     </span>
     <span class='ocr_line' id='line_1_37' title="bbox 266 3488 1394 3574; baseline 0.004 -25"><span class='ocrx_word' id='word_1_319' title='bbox 266 3488 422 3550; x_wconf 75' lang='lat' dir='ltr'>monachos</span> <span class='ocrx_word' id='word_1_320' title='bbox 445 3510 512 3551; x_wconf 84' lang='lat' dir='ltr'>cero</span> <span class='ocrx_word' id='word_1_321' title='bbox 535 3489 666 3552; x_wconf 72' lang='grc'><strong>11000100</strong></span> <span class='ocrx_word' id='word_1_322' title='bbox 688 3490 770 3573; x_wconf 78' lang='lat' dir='ltr'>ecqui</span> <span class='ocrx_word' id='word_1_323' title='bbox 787 3501 889 3574; x_wconf 79' lang='lat' dir='ltr'>potres</span> <span class='ocrx_word' id='word_1_324' title='bbox 905 3491 1069 3573; x_wconf 62' lang='lat' dir='ltr'>perfortem</span> <span class='ocrx_word' id='word_1_325' title='bbox 1087 3527 1125 3536; x_wconf 88' lang='lat'>-—</span> <span class='ocrx_word' id='word_1_326' title='bbox 1148 3490 1209 3552; x_wconf 78' lang='grc'><strong>0110</strong></span> <span class='ocrx_word' id='word_1_327' title='bbox 1232 3491 1308 3554; x_wconf 83' lang='lat' dir='ltr'>caim</span> <span class='ocrx_word' id='word_1_328' title='bbox 1331 3511 1394 3567; x_wconf 78' lang='lat' dir='ltr'>esec</span> 
     </span>
     <span class='ocr_line' id='line_1_38' title="bbox 257 3575 1393 3663; baseline 0.002 -24"><span class='ocrx_word' id='word_1_329' title='bbox 257 3587 293 3640; x_wconf 74' lang='lat' dir='ltr'>et</span> <span class='ocrx_word' id='word_1_330' title='bbox 317 3575 378 3638; x_wconf 79' lang='grc'><strong>0110</strong></span> <span class='ocrx_word' id='word_1_331' title='bbox 400 3577 570 3640; x_wconf 81' lang='lat' dir='ltr'>clerr&#39;comm</span> <span class='ocrx_word' id='word_1_332' title='bbox 593 3588 619 3640; x_wconf 83' lang='lat' dir='ltr'>et</span> <span class='ocrx_word' id='word_1_333' title='bbox 641 3577 852 3640; x_wconf 80' lang='lat' dir='ltr'>morrocbomm</span> <span class='ocrx_word' id='word_1_334' title='bbox 867 3580 1040 3641; x_wconf 77' lang='lat' dir='ltr'>domnwmo</span> <span class='ocrx_word' id='word_1_335' title='bbox 1062 3589 1088 3640; x_wconf 85' lang='grc'>01</span> <span class='ocrx_word' id='word_1_336' title='bbox 1102 3580 1186 3663; x_wconf 77' lang='grc'><strong>10000</strong></span> <span class='ocrx_word' id='word_1_337' title='bbox 1208 3580 1246 3641; x_wconf 81' lang='lat' dir='ltr'>ab</span> <span class='ocrx_word' id='word_1_338' title='bbox 1267 3579 1393 3641; x_wconf 77' lang='grc'><strong>11010001</strong></span> 
     </span>
     <span class='ocr_line' id='line_1_39' title="bbox 268 3669 1393 3750; baseline 0.004 -24"><span class='ocrx_word' id='word_1_339' title='bbox 268 3675 407 3748; x_wconf 81' lang='lat' dir='ltr'>separato</span> <span class='ocrx_word' id='word_1_340' title='bbox 438 3672 497 3750; x_wconf 92' lang='lat' dir='ltr'>(ep.</span> <span class='ocrx_word' id='word_1_341' title='bbox 526 3670 559 3741; x_wconf 77' lang='grc'>2,</span> <span class='ocrx_word' id='word_1_342' title='bbox 589 3689 617 3746; x_wconf 84' lang='lat' dir='ltr'>p.</span> <span class='ocrx_word' id='word_1_343' title='bbox 643 3670 683 3728; x_wconf 80' lang='grc'>26</span> <span class='ocrx_word' id='word_1_344' title='bbox 708 3669 780 3746; x_wconf 76' lang='grc'><strong>1))1-</strong></span> <span class='ocrx_word' id='word_1_345' title='bbox 802 3669 1048 3747; x_wconf 88' lang='lat' dir='ltr'>Peropportunus</span> <span class='ocrx_word' id='word_1_346' title='bbox 1078 3670 1154 3729; x_wconf 89' lang='lat' dir='ltr'>hanc</span> <span class='ocrx_word' id='word_1_347' title='bbox 1185 3671 1393 3749; x_wconf 87' lang='lat' dir='ltr'>quaestionem</span> 
     </span>
     <span class='ocr_line' id='line_1_40' title="bbox 267 3756 1393 3837; baseline 0.004 -23"><span class='ocrx_word' id='word_1_348' title='bbox 267 3756 332 3834; x_wconf 90' lang='lat' dir='ltr'>ipse</span> <span class='ocrx_word' id='word_1_349' title='bbox 356 3756 501 3815; x_wconf 85' lang='lat' dir='ltr'>Columba</span> <span class='ocrx_word' id='word_1_350' title='bbox 524 3756 709 3832; x_wconf 85' lang='lat' dir='ltr'>dijudicavit.</span> <span class='ocrx_word' id='word_1_351' title='bbox 747 3758 941 3836; x_wconf 81' lang='lat' dir='ltr'>Interrogare</span> <span class='ocrx_word' id='word_1_352' title='bbox 965 3758 1043 3816; x_wconf 89' lang='lat' dir='ltr'>enim</span> <span class='ocrx_word' id='word_1_353' title='bbox 1067 3758 1245 3836; x_wconf 81' lang='lat' dir='ltr'>Gregorium</span> <span class='ocrx_word' id='word_1_354' title='bbox 1268 3778 1393 3837; x_wconf 87' lang='lat' dir='ltr'>papam,</span> 
     </span>
     <span class='ocr_line' id='line_1_41' title="bbox 266 3846 1395 3929; baseline 0.005 -27"><span class='ocrx_word' id='word_1_355' title='bbox 266 3863 337 3902; x_wconf 90' lang='lat' dir='ltr'>num</span> <span class='ocrx_word' id='word_1_356' title='bbox 361 3852 515 3923; x_wconf 88' lang='lat' dir='ltr'>oporteret</span> <span class='ocrx_word' id='word_1_357' title='bbox 541 3866 663 3905; x_wconf 90' lang='lat' dir='ltr'>munere</span> <span class='ocrx_word' id='word_1_358' title='bbox 686 3867 717 3905; x_wconf 91' lang='lat' dir='ltr'>se</span> <span class='ocrx_word' id='word_1_359' title='bbox 740 3847 914 3906; x_wconf 86' lang='lat' dir='ltr'>abdicarent</span> <span class='ocrx_word' id='word_1_360' title='bbox 937 3847 971 3920; x_wconf 87' lang='lat' dir='ltr'>ii,</span> <span class='ocrx_word' id='word_1_361' title='bbox 1003 3847 1055 3923; x_wconf 89' lang='lat' dir='ltr'>qui</span> <span class='ocrx_word' id='word_1_362' title='bbox 1080 3856 1149 3929; x_wconf 84' lang='lat' dir='ltr'>post</span> <span class='ocrx_word' id='word_1_363' title='bbox 1170 3847 1202 3908; x_wconf 82' lang='lat' dir='ltr'>ire</span> <span class='ocrx_word' id='word_1_364' title='bbox 1233 3846 1395 3908; x_wconf 74' lang='lat' dir='ltr'>diaconatu</span> 
     </span>
    </p>
   </div>
   <div class='ocr_carea' id='block_1_3' title="bbox 258 4015 1397 4372">
    <p class='ocr_par' dir='ltr' id='par_1_5' title="bbox 258 4015 1397 4372">
     <span class='ocr_line' id='line_1_42' title="bbox 267 4015 1397 4087; baseline 0.005 -18"><span class='ocrx_word' id='word_1_365' title='bbox 267 4016 350 4069; x_wconf 87' lang='lat' dir='ltr'>fratri</span> <span class='ocrx_word' id='word_1_366' title='bbox 369 4015 501 4070; x_wconf 83' lang='lat' dir='ltr'>Emmoni</span> <span class='ocrx_word' id='word_1_367' title='bbox 522 4019 749 4072; x_wconf 87' lang='lat' dir='ltr'>commendatum</span> <span class='ocrx_word' id='word_1_368' title='bbox 769 4035 842 4083; x_wconf 88' lang='lat' dir='ltr'>esse,</span> <span class='ocrx_word' id='word_1_369' title='bbox 864 4019 995 4072; x_wconf 87' lang='grc'><strong>0011000</strong></span> <span class='ocrx_word' id='word_1_370' title='bbox 1019 4019 1054 4073; x_wconf 89' lang='lat' dir='ltr'>de</span> <span class='ocrx_word' id='word_1_371' title='bbox 1073 4020 1232 4087; x_wconf 90' lang='lat' dir='ltr'>hospitibus</span> <span class='ocrx_word' id='word_1_372' title='bbox 1251 4019 1397 4075; x_wconf 90' lang='lat' dir='ltr'>institerit</span> 
     </span>
     <span class='ocr_line' id='line_1_43' title="bbox 260 4087 1394 4155; baseline 0.005 -14"><span class='ocrx_word' id='word_1_373' title='bbox 260 4105 343 4150; x_wconf 86' lang='lat' dir='ltr'>¹eura,</span> <span class='ocrx_word' id='word_1_374' title='bbox 364 4087 460 4155; x_wconf 90' lang='lat' dir='ltr'>ibique</span> <span class='ocrx_word' id='word_1_375' title='bbox 482 4088 556 4142; x_wconf 89' lang='lat' dir='ltr'>forte</span> <span class='ocrx_word' id='word_1_376' title='bbox 580 4089 699 4143; x_wconf 90' lang='lat' dir='ltr'>absente</span> <span class='ocrx_word' id='word_1_377' title='bbox 717 4088 855 4143; x_wconf 79' lang='lat' dir='ltr'>Emmone</span> <span class='ocrx_word' id='word_1_378' title='bbox 880 4091 979 4143; x_wconf 84' lang='lat' dir='ltr'>subito</span> <span class='ocrx_word' id='word_1_379' title='bbox 993 4091 1052 4144; x_wconf 78' lang='lat' dir='ltr'>v&#39;ita</span> <span class='ocrx_word' id='word_1_380' title='bbox 1076 4091 1237 4145; x_wconf 87' lang='lat' dir='ltr'>decessisse.</span> <span class='ocrx_word' id='word_1_381' title='bbox 1275 4090 1321 4144; x_wconf 83' lang='lat' dir='ltr'>Ex</span> <span class='ocrx_word' id='word_1_382' title='bbox 1345 4091 1394 4147; x_wconf 89' lang='lat' dir='ltr'>bis</span> 
     </span>
     <span class='ocr_line' id='line_1_44' title="bbox 268 4156 1396 4229; baseline 0.005 -18"><span class='ocrx_word' id='word_1_383' title='bbox 268 4156 413 4211; x_wconf 83' lang='lat' dir='ltr'>Ebrardus</span> <span class='ocrx_word' id='word_1_384' title='bbox 427 4159 520 4226; x_wconf 86' lang='lat' dir='ltr'>coegit</span> <span class='ocrx_word' id='word_1_385' title='bbox 532 4160 716 4227; x_wconf 88' lang='lat' dir='ltr'>Adelpbium,</span> <span class='ocrx_word' id='word_1_386' title='bbox 737 4177 800 4213; x_wconf 91' lang='lat' dir='ltr'>cum</span> <span class='ocrx_word' id='word_1_387' title='bbox 814 4159 1000 4215; x_wconf 86' lang='lat' dir='ltr'>Luxoviensis</span> <span class='ocrx_word' id='word_1_388' title='bbox 1015 4162 1180 4215; x_wconf 88' lang='lat' dir='ltr'>monasterii</span> <span class='ocrx_word' id='word_1_389' title='bbox 1193 4162 1396 4229; x_wconf 87' lang='lat' dir='ltr'>discipulus</span> 
     </span>
     <span class='ocr_line' id='line_1_45' title="bbox 268 4227 1396 4303; baseline 0.006 -22"><span class='ocrx_word' id='word_1_390' title='bbox 268 4227 359 4282; x_wconf 90' lang='lat' dir='ltr'>factus</span> <span class='ocrx_word' id='word_1_391' title='bbox 368 4233 441 4282; x_wconf 89' lang='lat' dir='ltr'>esset</span> <span class='ocrx_word' id='word_1_392' title='bbox 451 4245 484 4283; x_wconf 90' lang='lat' dir='ltr'>eo</span> <span class='ocrx_word' id='word_1_393' title='bbox 494 4234 631 4298; x_wconf 87' lang='lat' dir='ltr'>tempore,</span> <span class='ocrx_word' id='word_1_394' title='bbox 640 4230 802 4299; x_wconf 82' lang='lat' dir='ltr'>quoEmmo</span> <span class='ocrx_word' id='word_1_395' title='bbox 815 4246 997 4299; x_wconf 90' lang='lat' dir='ltr'>puerorum</span> <span class='ocrx_word' id='word_1_396' title='bbox 1007 4232 1142 4300; x_wconf 86' lang='lat' dir='ltr'>magister</span> <span class='ocrx_word' id='word_1_397' title='bbox 1153 4236 1215 4286; x_wconf 88' lang='lat' dir='ltr'>erat</span> <span class='ocrx_word' id='word_1_398' title='bbox 1221 4233 1396 4303; x_wconf 77' lang='lat' dir='ltr'>(annotet),</span> 
     </span>
     <span class='ocr_line' id='line_1_46' title="bbox 258 4301 1252 4372; baseline 0.004 -20"><span class='ocrx_word' id='word_1_399' title='bbox 258 4303 334 4353; x_wconf 66' lang='lat' dir='ltr'>‘ente</span> <span class='ocrx_word' id='word_1_400' title='bbox 353 4316 457 4354; x_wconf 91' lang='lat' dir='ltr'>annum</span> <span class='ocrx_word' id='word_1_401' title='bbox 478 4301 530 4355; x_wconf 82' lang='lat'>620</span> <span class='ocrx_word' id='word_1_402' title='bbox 548 4305 646 4355; x_wconf 86' lang='lat' dir='ltr'>uatum</span> <span class='ocrx_word' id='word_1_403' title='bbox 666 4318 727 4355; x_wconf 91' lang='lat' dir='ltr'>esse</span> <span class='ocrx_word' id='word_1_404' title='bbox 745 4318 803 4354; x_wconf 91' lang='lat' dir='ltr'>non</span> <span class='ocrx_word' id='word_1_405' title='bbox 821 4318 902 4369; x_wconf 88' lang='grc'><strong>00000</strong></span> <span class='ocrx_word' id='word_1_406' title='bbox 923 4302 970 4372; x_wconf 89' lang='grc'><strong>(01.</strong></span> <span class='ocrx_word' id='word_1_407' title='bbox 990 4301 1110 4368; x_wconf 78' lang='grc'><strong>1110001,</strong></span> <span class='ocrx_word' id='word_1_408' title='bbox 1130 4320 1158 4371; x_wconf 90' lang='lat' dir='ltr'>p.</span> <span class='ocrx_word' id='word_1_409' title='bbox 1178 4303 1252 4372; x_wconf 82' lang='lat'>218).</span> 
     </span>
    </p>
   </div>
   <div class='ocr_carea' id='block_1_4' title="bbox 0 0 1523 4920">
    <p class='ocr_par' dir='ltr' id='par_1_6' title="bbox 0 0 1523 4920">
     <span class='ocr_line' id='line_1_47' title="bbox 0 0 1523 4920; baseline 0 0"><span class='ocrx_word' id='word_1_410' title='bbox 0 0 1523 4920; x_wconf 95' lang='lat' dir='ltr'> </span> 
     </span>
    </p>
   </div>
  </div>
 </body>
</html>
