3024 4920
586 217 803 274 ...59-

99 408 102 414 “
138 396 216 456 enim
246 396 385 475 epistula,
416 401 520 475 utpote
551 395 663 473 scripta
691 415 725 454 eo
755 403 901 473 tempore,
933 417 991 474 qua
1022 416 1087 454 cum
1110 396 1254 456 Hibernis

137 487 199 546 sedi
227 486 406 564 apostolicae
436 485 494 543 suit
525 485 730 543 commercium
760 521 801 529 -
826 506 893 544 nam
924 492 1037 563 septem
1068 486 1153 544 annis
1184 492 1253 544 ante

138 576 231 653 legati
254 596 289 632 ex
312 575 460 633 Hibernia
482 575 608 632 Romam
632 581 775 633 venerant
799 577 856 651 (ep.
873 574 1055 649 Cummeani,
1071 576 1171 635 Usser.
1196 581 1253 634 101.

138 686 183 742 ep.
213 665 272 722 hib.
296 665 360 741 syll.
389 684 417 740 p.
435 665 476 721 23
503 698 541 707 -
568 663 603 721 cf.
628 662 724 722 Skene
748 663 781 720 II
804 685 833 740 p.
853 665 928 740 161)
953 700 994 708 -
1019 664 1148 723 omnium
1178 683 1253 741 quae

138 759 256 812 exstant
279 754 314 811 de
337 753 393 811 hac
423 773 454 810 re
482 752 720 811 testimoniorum
747 753 890 829 optimum
922 759 974 812 est.
1019 754 1123 829 Neque
1154 760 1254 812 tamen

138 843 255 914 bonum,
280 863 346 900 nam
371 848 409 915 et,
433 842 483 918 qui
507 842 619 900 fuerint
634 841 767 899 nonnulli
785 861 894 913 eorum,
919 842 1026 917 quibus
1049 842 1193 920 inscripta
1209 849 1255 902 est

138 932 278 1010 epistula,
308 932 340 989 in
371 933 486 990 occulto
517 932 604 1003 latet,
637 937 667 989 et
689 932 764 1008 proh
788 931 882 988 dolor!
914 931 1051 1007 ambigue
1075 932 1185 990 dictum
1210 937 1255 990 ost

96 1037 98 1040 ⁴
138 1020 211 1080 illud
235 1019 384 1102 0010110910
407 1018 612 1080 doctoribus
635 1038 694 1079 aaa
717 1017 903 1078 0110111110
919 1013 1030 1078 Soanas.
1063 1018 1153 1078 Certa
1177 1021 1254 1079 enim

138 1111 175 1169 ad
191 1110 285 1168 solum
302 1109 447 1169 Saranum
463 1109 650 1167 referendum
666 1129 725 1167 nan
742 1116 794 1180 001,
818 1109 870 1166 0011
887 1115 988 1167 utrum
1004 1109 1040 1167 de
1057 1109 1193 1168 omnibus
1216 1130 1255 1168 an

138 1201 174 1257 de
198 1199 267 1257 solis
288 1198 436 1258 Oromano
460 1198 651 1272 Ennianoque
683 1204 713 1256 01
744 1197 935 1273 sequentibus
958 1197 1070 1256 dictum
1093 1198 1146 1269 sit,
1171 1198 1254 1255 dubi·

139 1295 203 1347 1010
226 1288 304 1347 11001.
336 1287 387 1346 Ad
410 1307 510 1344 omnes
533 1287 688 1345 referenda
711 1308 773 1345 esse
797 1286 848 1344 illa
871 1288 971 1359 verba,
995 1307 1060 1344 mea
1083 1292 1129 1345 est
1145 1287 1255 1363 opinio,

138 1398 242 1454 neque,
267 1397 333 1435 cum
356 1375 511 1453 permagni
534 1376 675 1435 momenti
699 1376 739 1435 sit
761 1376 833 1434 haec
855 1397 915 1448 100,
939 1381 1062 1449 taceam,
1086 1375 1193 1452 quibus
1218 1376 1255 1434 ad

138 1466 213 1525 hanc
245 1465 413 1542 opinionem
444 1465 588 1524 adductus
619 1466 673 1524 sim
704 1464 898 1542 argumentis:
934 1464 982 1522 Ac
1012 1465 1107 1542 prima
1137 1465 1256 1540 quidem

140 1555 219 1633 quad
241 1554 314 1632 ipsis
337 1554 435 1613 verbis
458 1555 529 1613 haec
556 1555 765 1630 interpretatio
794 1554 897 1612 melius
926 1554 1053 1630 quadrat
1084 1575 1172 1632 quam
1195 1554 1255 1626 illa,

140 1644 266 1703 secundo
290 1645 378 1719 quad,
402 1645 479 1703 sicut
500 1644 579 1703 infra
601 1643 774 1715 videbimus,
790 1642 1101 1718 Nordenhymbrarum
1126 1643 1257 1721 episcopi

138 1734 226 1792 iidem
255 1753 356 1792 omnes
387 1733 510 1791 abbates
541 1733 632 1791 luisse
661 1733 813 1805 videntur,
844 1732 934 1791 101110
966 1733 1045 1808 quod
1067 1730 1256 1790 Ardmachae

139 1842 215 1900 quae
240 1820 384 1893 Tamiani,
409 1821 551 1879 Olonardi
575 1842 657 1898 quae,
681 1828 716 1880 ut
739 1821 870 1894 videtur,
895 1821 1071 1881 columbani
1094 1822 1176 1880 sedes
1199 1821 1257 1880 fuit

140 1912 187 1984 (cf.
205 1909 369 1969 Stevenson
385 1910 415 1967 in
432 1910 674 1969 annotationibus
694 1911 733 1969 ad
748 1911 848 1969 Bedae
865 1912 883 1968 l.
900 1910 957 1986 al)
973 1910 1152 1969 monasteria
1167 1909 1258 1968 fuisse

140 2003 256 2057 constat
269 1999 317 2074 (cf.
335 2018 425 2075 supra
437 1998 476 2055 55
491 2002 555 2075 sq),
574 2006 680 2075 quarto
697 2000 777 2074 quad
793 2000 824 2056 in
832 1997 1004 2057 Adamnani
1016 1999 1079 2058 vita
1096 1998 1257 2057 Columbae

140 2090 181 2163 (1,
200 2087 241 2144 40
258 2109 286 2165 p.
305 2086 819 2167 212)0000111100110111101101110111
837 2085 997 2166 episcopua,
1021 2109 1108 2165 quem
1132 2087 1258 2145 eundem

139 2176 317 2236 monasteria
341 2175 455 2234 cuidam
479 2177 643 2254 praefuisse
671 2176 812 2235 sermonis
840 2183 995 2236 contextus
1024 2177 1122 2250 docet,
1153 2177 1258 2253 quinto

140 2265 219 2343 quod
249 2266 328 2342 apud
359 2266 483 2323 eundem
514 2265 724 2324 Adamnanum
758 2266 868 2325 mentio
903 2265 939 2324 fit
969 2265 1066 2343 Oolgii
1097 2266 1257 2342 cujusdam,

136 2352 277 2434 primarii
303 2351 428 2434 alicujus
458 2352 589 2414 ecclesiae
612 2357 654 2431 (l,
682 2357 719 2413 17
745 2378 773 2433 p.
799 2355 885 2430 204),
917 2355 968 2432 qui
999 2376 1064 2414 cum
1096 2375 1258 2414 sermonem

138 2444 276 2502 habuisse
300 2443 417 2502 dicatur
440 2463 506 2501 cum
522 2443 666 2503 Columba
682 2444 718 2504 de
740 2442 908 2504 0110101011
925 2442 1100 2524 primatiam
1123 2443 1159 2503 de
1168 2463 1257 2523 proe-

135 2531 238 2611 positia
261 2551 330 2592 auae
353 2530 509 2592 dioeceseos
533 2534 575 2607 (1,
593 2534 633 2590 29
658 2555 686 2611 p.
704 2534 781 2609 208)
806 2533 961 2610 episcopus
985 2539 1028 2606 01,
1053 2554 1119 2591 cum
1142 2533 1259 2608 saepius

139 2623 219 2698 apud
243 2620 418 2680 Columbam
442 2622 539 2681 Jonae
564 2627 759 2681 commoratus
780 2621 827 2694 sit,
856 2621 1016 2680 monachus
1039 2629 1085 2682 est
1107 2622 1258 2681 habendus

139 2712 187 2786 (cf.
213 2710 341 2768 Adamn.
369 2713 395 2784 1,
421 2712 460 2769 27
486 2732 515 2787 p.
540 2712 627 2786 207),
659 2716 743 2769 sexta
774 2711 901 2787 denique
932 2711 1011 2786 quod
1040 2712 1072 2770 in
1103 2710 1259 2769 annalibus

139 2821 227 2877 saepe
251 2806 409 2859 occurrunt
432 2800 563 2879 episcopi
588 2801 638 2875 qui
661 2800 750 2859 iidem
766 2800 889 2858 abbates
912 2806 997 2858 orant
1013 2800 1084 2875 (vid.
1102 2799 1199 2858 Skene
1215 2799 1258 2871 ΙΙ,

138 2910 167 2965 p.
192 2888 234 2945 44
259 2897 319 2949 1101.
345 2891 387 2965 8).
435 2888 495 2947 Sed
527 2889 707 2948 levissimum
731 2895 777 2946 est
806 2888 880 2945 illud
909 2894 1034 2948 sextum.
1085 2889 1162 2948 Nam
1194 2907 1259 2945 cum

140 2977 290 3036 annalium
319 2978 370 3053 qui
394 2982 512 3035 exstant
535 2976 742 3052 antiquissimi,
766 2975 946 3052 Tigernachi
962 2978 997 3054 (†
1016 2977 1112 3053 1088)
1130 2977 1259 3049 annales,

139 3067 256 3124 saeculo
289 3066 406 3123 demum
436 3065 589 3123 undecimo
614 3065 775 3143 conscripti
806 3066 876 3137 sint,
909 3086 1003 3142 pauca
1033 3067 1098 3138 illa,
1131 3086 1205 3143 quae
1228 3066 1259 3123 in

140 3155 296 3214 annalibus
320 3155 439 3231 prodita
462 3161 531 3213 sunt
553 3154 734 3230 hujusmodi:
766 3151 814 3214 ille
837 3152 922 3236 episc.
946 3153 1026 3227 01111,
1056 3152 1104 3214 1110
1126 3155 1211 3235 episc.
1235 3163 1260 3213 et

140 3241 202 3302 abb.
227 3241 302 3315 01111,
326 3239 374 3302 ille
396 3241 459 3302 011.
484 3241 552 3303 obita
574 3244 680 3302 idonea
704 3265 767 3302 esse
790 3264 848 3301 nan
870 3244 1017 3315 videntur,
1042 3245 1148 3320 quibus
1172 3263 1258 3320 argu·

140 3332 247 3391 mentis
270 3340 398 3392 utamur.
430 3333 498 3392 Etsi
522 3333 600 3391 enim
624 3332 842 3409 antiquioribus
866 3332 985 3409 scriptis
1008 3333 1054 3390 usi
1070 3341 1139 3391 sunt
1155 3332 1259 3408 Tiger-

141 3422 252 3480 nachus
276 3429 306 3481 01
328 3422 517 3499 posteriores,
540 3427 640 3481 tamen
657 3428 738 3480 certa
754 3441 825 3495 0000,
850 3441 925 3498 quae
945 3422 981 3479 de
998 3421 1145 3497 dignitate
1161 3421 1259 3497 singu·

141 3511 236 3567 lorum
260 3511 464 3587 prodiderunt,
489 3511 554 3588 quis
578 3509 725 3569 affirmet?
759 3511 826 3570 Non
851 3530 921 3569 vero
945 3511 1064 3568 omnino
1093 3530 1168 3587 nego
1194 3509 1261 3568 fieri

141 3618 240 3674 posse,
263 3608 297 3657 ut
325 3600 484 3677 aliquando
507 3601 540 3659 id
561 3600 672 3677 ipsum,
705 3599 784 3676 quad
811 3600 931 3659 annales
955 3601 1085 3674 ejusdem
1108 3599 1190 3658 urbis
1213 3599 1261 3658 101

141 3687 314 3745 manasterii
346 3691 496 3764 praesules
524 3690 611 3748 modo
640 3689 765 3748 abbates
795 3689 882 3746 mado
906 3689 1060 3767 episcopas
1084 3695 1115 3747 01
1137 3690 1261 3747 abbates

143 3776 304 3848 nominant,
328 3776 366 3834 ad
388 3779 622 3837 adumbrandam
638 3778 778 3837 ecclesiae
794 3776 949 3836 Scotorum
972 3777 1126 3837 historiam
1147 3776 1261 3853 aliquid

141 3865 283 3924 momenti
306 3864 424 3940 afferat,
448 3868 499 3925 sed
523 3868 626 3926 itidem
649 3867 715 3925 fieri
737 3866 851 3945 potuit,
875 3874 910 3925 ut
933 3868 1084 3924 nominum
1106 3887 1141 3925 ac
1164 3864 1260 3943 digni·

142 3959 238 4013 tatum
269 3954 365 4013 minus
398 3956 557 4033 diligenter
587 3958 731 4016 rationem
762 3956 907 4014 haberent
938 3955 1107 4033 scriptores.
1153 3955 1261 4030 Itaque

218 4182 225 4212 ¹
247 4180 345 4234 Verba
366 4181 498 4234 adderem
512 4183 547 4235 de
562 4182 710 4246 Baithana,
731 4181 784 4233 nisi
805 4180 877 4234 falsa
896 4186 996 4243 essent,
1018 4197 1088 4248 quae
1103 4180 1261 4234 Stevenson

143 4254 173 4304 in
193 4253 377 4306 annotatione
397 4253 433 4305 de
453 4269 486 4304 eo
505 4253 623 4320 profert.
656 4252 700 4306 De
721 4254 811 4305 altera
832 4253 907 4304 enim
925 4253 1064 4306 Baithana
1078 4253 1260 4304 Adamnanus

144 4324 254 4378 locutus
275 4341 334 4377 0000
354 4323 476 4389 11110101,
496 4323 531 4377 de
552 4325 640 4377 altero
661 4323 806 4377 Johannes
826 4340 908 4391 papa.
