3024 4920
592 246 807 302 ...83-

140 423 221 505 agno
238 422 412 504 penitentiae
434 441 522 504 eaque
545 421 586 482 aet
607 431 742 493 moram,
773 419 847 482 nillil
871 442 926 482 eac
952 421 1095 483 voluntate
1114 422 1257 506 sociates

141 513 425 588 (Wasserschleben,
448 512 489 570 Ir.
514 511 586 570 Oan.
609 531 637 588 p.
663 512 703 568 36
728 531 771 588 sq.
804 545 842 557 —
875 513 909 570 cf.
934 511 1050 571 Tirech.
1074 520 1175 572 annot.
1198 513 1255 572 Be-

139 602 221 660 tham
243 601 287 675 H,
310 622 377 680 app.
400 622 429 679 p.
452 600 583 658 XXIX:
606 607 638 658 ut
659 619 718 658 nen
735 609 869 682 peccaret
890 599 942 660 aab
962 600 1082 681 prada).

228 691 323 749 Iidem
347 709 473 749 canones
495 694 613 768 praesto
638 695 708 748 sunt
738 689 776 748 ad
799 689 1060 748 demonstrandum
1087 697 1256 750 sanctorum

139 787 169 838 et
192 780 383 857 reliquiarum
407 780 518 838 cultum
538 778 617 855 apud
633 775 737 837 Scotos
752 796 813 836 non
828 779 996 855 neglectum
1012 778 1075 854 (lib.
1091 779 1209 854 XLIV,
1225 781 1255 854 8,

137 889 166 945 p.
184 870 270 945 203).
315 868 358 927 Et
382 869 430 926 cui
451 868 545 928 levius
568 867 688 927 videtur
711 887 773 926 esse
796 867 851 926 hoc
874 867 1084 942 testimonium,
1107 869 1189 946 legat
1213 904 1255 913 -

137 963 171 1016 ut
194 957 267 1016 alios
290 956 391 1017 Bedae
414 958 493 1015 locos
516 957 651 1016 omittam
674 989 718 1000 —
742 976 818 1033 quae
845 956 1039 1016 inveniuntur
1068 957 1100 1015 in
1127 958 1256 1035 epistula

137 1047 197 1119 illa,
222 1066 310 1122 quam
325 1046 496 1105 Vitalianus
516 1065 595 1122 papa
610 1045 710 1121 paullo
725 1050 794 1122 post
817 1045 960 1121 synodum
976 1044 1254 1105 Strenaeshalchen·

137 1156 197 1194 sem
227 1136 291 1212 regi
315 1135 406 1196 Osviu
439 1134 559 1210 scripsit
582 1133 622 1210 (h.
644 1153 667 1192 e.
690 1134 718 1206 3,
744 1135 794 1207 29,
825 1135 843 1212 ξ
867 1134 953 1210 248).
998 1133 1078 1194 Num
1102 1135 1257 1212 episcopus

121 1223 288 1293 ,Romanus
315 1225 379 1302 regi
405 1219 545 1303 reliquias
571 1220 721 1281 beatorum
746 1218 945 1304 apostatantem
966 1219 1050 1283 Petri
1070 1232 1095 1282 et
1117 1220 1210 1282 Pauli
1231 1232 1256 1283 et

22 1335 25 1340 ·
135 1320 301 1372 annuarum
324 1320 489 1392 rumperem
511 1306 677 1382 laureati,
702 1306 848 1371 Jotaana
871 1320 896 1370 et
910 1308 1002 1371 Paua·
1022 1321 1049 1373 et
1072 1307 1209 1392 Greperii
1230 1321 1256 1372 et

135 1398 291 1461 Panerotr'i
319 1401 558 1473 transmississet,
595 1400 654 1459 nisi
683 1400 835 1478 cognitum
865 1400 1018 1461 habuisset
1048 1402 1128 1479 apud
1154 1422 1254 1479 regem

135 1497 253 1549 sanctos
276 1511 426 1567 nunquam
450 1488 577 1548 caruisse
600 1488 782 1549 honoribus?

224 1579 338 1653 Nonne,
361 1586 395 1639 ut
418 1579 533 1637 omissis
556 1578 679 1654 singulis
701 1578 733 1635 in
755 1578 925 1638 universum
947 1580 1053 1656 loquar
1076 1579 1113 1637 de
1129 1579 1252 1653 ratione,

135 1687 210 1744 quae
233 1669 434 1728 intercesserit
455 1668 535 1726 inter
550 1666 688 1725 ecclesias
704 1664 858 1726 Scotorum
876 1673 907 1726 et
921 1666 1132 1741 Romanorum,
1155 1688 1254 1726 nonne

134 1757 211 1816 sicut
234 1777 293 1815 una
315 1759 388 1816 baec
411 1756 539 1833 epistula
559 1755 676 1814 omnino
701 1755 732 1813 id
753 1756 860 1834 ipsum,
884 1756 964 1833 quod
980 1756 1102 1815 ecclesia
1117 1757 1252 1816 Norden·

132 1844 324 1920 hymbrorum
355 1865 421 1903 cum
444 1843 580 1903 Romana
611 1851 672 1904 tam
702 1845 789 1903 facile
819 1845 850 1902 in
880 1865 972 1927 unum
999 1865 1106 1922 corpus
1135 1845 1254 1917 coaluit,

134 1932 271 2010 impedit,
307 1933 462 2009 quominus
492 1934 579 2008 longe
610 1933 740 1992 diversas
769 1941 908 2010 putemus
938 1933 1073 1992 ecclesias
1096 1932 1252 1992 Scotorum

134 2025 165 2079 et
193 2021 416 2080 Romanorum?
456 2020 515 2079 Sed
548 2022 648 2098 paullo
682 2021 836 2081 verbosius
871 2021 907 2080 de
941 2021 996 2079 hac
1031 2042 1063 2080 re
1097 2021 1252 2100 disputan·

132 2108 202 2168 dum
225 2117 279 2170 est.

221 2199 308 2258 Inter
337 2219 438 2257 omnes
468 2204 585 2258 constat
615 2196 793 2275 Gregorium
822 2199 963 2276 Magnum
994 2218 1070 2258 anno
1098 2198 1161 2256 597
1185 2200 1251 2258 Au·

130 2288 282 2365 guatinum
306 2288 475 2365 episcoppm
498 2289 529 2345 in
553 2286 741 2346 Britanniam
764 2287 889 2360 misisse,
919 2294 954 2347 ut
976 2286 1144 2365 Anglorum
1167 2289 1251 2365 genti

130 2376 254 2436 verbum
278 2377 326 2436 dei
348 2376 543 2456 praedicaret.
589 2377 742 2452 Quomodo
772 2377 827 2435 hoc
855 2378 966 2436 factum
994 2377 1034 2436 sit
1057 2383 1087 2436 et
1110 2397 1186 2453 quae
1209 2377 1249 2436 ab

130 2463 301 2542 Augustino
332 2474 362 2524 et
392 2465 478 2524 sociis
508 2472 592 2543 gesta
622 2465 696 2538 sint,
735 2465 909 2542 singillatim
945 2485 1082 2524 enarrare
1113 2472 1248 2524 nostrum

130 2574 189 2612 non
212 2559 265 2613 est.
311 2553 391 2613 Satis
419 2554 459 2612 sit
481 2573 723 2612 commemorasse
746 2553 975 2613 Oantuariorum
998 2560 1029 2612 et
1052 2553 1249 2614 Orientalium

129 2642 298 2720 Anglorum
324 2649 428 2720 gentes
455 2642 627 2701 auctoribus
653 2641 796 2701 Romanis
818 2643 970 2702 transiisse
994 2643 1033 2701 ad
1056 2643 1247 2702 christianam

129 2731 231 2805 fidem,
262 2733 404 2810 sedesque
427 2731 608 2809 episcopales
636 2751 698 2790 esse
721 2732 898 2791 constitutas
920 2732 952 2789 in
976 2732 1146 2791 Oantuariis
1170 2731 1247 2791 Oan-

128 2826 295 2880 tuarensem
328 2823 419 2897 (597)
451 2826 481 2879 01
510 2820 680 2879 Rcffensem
711 2821 812 2897 (604),
846 2820 878 2877 in
908 2819 1110 2879 Orientalibus
1137 2819 1249 2896 Anglis

128 2910 353 2968 Dnnwicensem
377 2911 477 2985 (631).
519 2909 637 2985 Itaque,
661 2927 726 2966 cum
750 2929 786 2966 ex
808 2907 1077 2984 Nordanhymbria,
1100 2914 1247 2985 utsupra

126 3001 188 3072 jam
211 2998 347 3070 vidimus,
371 2997 515 3056 Paulinus
530 2995 695 3074 Augustini
718 2996 812 3056 socius
836 3001 867 3056 et
890 3017 926 3055 ex
942 2997 1137 3056 Orientalium
1154 2996 1245 3074 Saxo·

127 3105 198 3143 num
220 3087 340 3163 regione
362 3085 506 3159 Melittus,
536 3085 680 3144 Lundinii
710 3085 888 3146 constitutus
912 3087 1003 3163 (604)
1031 3087 1198 3165 episcopus,
1228 3106 1246 3144 a

126 3175 250 3252 paganis
273 3175 352 3252 pulsi
375 3181 481 3247 essent,
504 3194 582 3233 anno
607 3176 680 3252 664,
706 3194 764 3251 quo
787 3175 916 3252 synodus
940 3175 1245 3234 Strenaesbalchensis

125 3264 229 3322 habita
251 3270 305 3338 est,
328 3263 581 3323 Oantuarensibus
604 3264 680 3322 duae
703 3263 874 3341 provinciae
896 3264 1036 3323 subditae
1059 3271 1156 3335 erant,
1181 3264 1245 3340 ipsa

125 3354 287 3414 Oantuaria
317 3359 348 3412 et
377 3352 573 3415 Orientalium
595 3350 765 3429 Anglorum
792 3352 888 3430 regio,
922 3359 1079 3429 praeterea
1103 3351 1244 3410 Occiden-

124 3444 199 3501 tales
223 3442 354 3502 Saxones
382 3442 548 3500 0000634
576 3441 665 3500 fidem
696 3447 887 3518 susceperant
916 3441 1108 3518 praedicante
1138 3440 1245 3499 Birino

126 3549 191 3588 cnm
215 3532 335 3590 consilio
358 3531 487 3591 Honorii
509 3551 605 3609 papae
628 3530 659 3589 in
681 3529 869 3588 Britanniam
899 3531 1031 3607 profecto
1062 3531 1114 3589 sed
1140 3530 1243 3601 libero,

64 3689 67 3694 j
123 3625 159 3678 ut
188 3618 307 3677 videtur
337 3622 387 3693 (cf.
410 3620 528 3697 Bright,
559 3641 588 3698 p.
616 3620 704 3695 149),
736 3640 754 3677 a
784 3618 998 3680 Oantuarensis
1028 3619 1243 3696 archiepiscopi

121 3708 327 3785 jurisdictione
359 3709 455 3784 (Beda
478 3710 506 3767 b.
530 3729 554 3767 e.
579 3711 608 3783 3,
636 3712 665 3782 7,
690 3707 707 3784 ξ
734 3710 796 3766 167
820 3710 906 3784 sqq.).
952 3707 1066 3767 Oontra
1097 3729 1114 3766 a
1146 3706 1243 3766 Scotis

123 3799 210 3856 fidem
226 3796 387 3874 suscepisse
401 3798 529 3856 vidimus
545 3804 606 3856 tres
620 3797 788 3875 provincias
812 3816 972 3872 carumque
995 3797 1068 3855 duas
1090 3796 1242 3868 maximas,

123 3886 413 3962 Nordanhymbriam
436 3894 467 3946 01
492 3887 634 3945 Marciam
670 3907 735 3944 cum
764 3885 978 3962 Middilanglis‚
1014 3893 1045 3945 et
1074 3885 1243 3944 Orientalcs

124 3976 264 4052 Saxones.
318 3973 484 4052 Septimum
514 3974 641 4051 denique
670 3973 859 4033 Australium
889 3973 1039 4032 Saxonum
1069 3993 1193 4050 regnum
1224 3993 1242 4031 a

124 4064 284 4125 christiana
317 4064 453 4122 doctrina
483 4064 601 4123 omnino
632 4063 729 4122 aliena
759 4064 910 4136 manebat,
944 4063 1036 4121 donec
1066 4082 1143 4120 anno
1176 4063 1236 4120 681

122 4155 279 4215 Wilfridus
303 4153 426 4212 verbum
449 4153 498 4211 dei
521 4154 563 4211 eis
585 4153 779 4230 praedicavit.
826 4152 935 4229 Itaque
964 4157 1028 4210 tota
1056 4171 1148 4228 paene
1172 4150 1240 4209 Bri-

122 4244 239 4318 tannia,
272 4242 369 4320 quoad
392 4242 430 4300 ab
453 4240 737 4319 Angla-Saxonibus
760 4248 904 4319 occupata
928 4247 1007 4313 erat,
1035 4240 1113 4300 inter
1135 4240 1239 4299 Scotos

123 4339 154 4392 01
168 4332 319 4392 Romanos
342 4332 438 4393 divisa
462 4336 533 4404 erat,
558 4331 610 4389 sed
623 4332 684 4403 ita,
706 4337 741 4389 ut
763 4333 859 4406 major
880 4349 950 4407 pars
974 4336 1052 4389 esset
1074 4329 1239 4388 Scotorum.
1294 4326 1296 4328 ’

990 4431 1026 4485 6*
