3024 4920
651 199 842 256 ..g-

192 386 223 439 et
245 380 338 438 firmis
361 378 528 456 aequalium
551 378 669 438 illorum
692 386 857 457 temporum
888 379 1064 439 testimoniis
1090 379 1136 439 usi
1160 378 1307 457 quaestio·

193 490 259 528 nem
282 475 414 528 nostram
437 488 576 527 conemur
598 468 765 529 dissolvere.
812 468 879 541 Qua
901 468 932 526 in
955 490 987 528 re
1009 475 1176 548 temporum
1204 469 1308 528 seriem

193 560 349 618 observare
372 557 478 630 malui,
514 577 602 634 quam
626 559 808 616 accumulare
836 557 868 615 in
890 578 981 617 unum
1003 560 1099 618 locum
1123 579 1169 617 res
1193 558 1309 618 easdem

192 648 258 708 illas
284 647 401 724 quidem
425 667 478 706 sua
500 647 632 724 ipsarum
654 653 762 706 natura
792 646 844 706 sed
865 647 997 707 diverass
1020 656 1050 708 et
1072 648 1255 727 temporibus
1278 652 1310 706 et

193 737 273 796 locis.
304 738 371 796 Hac
394 738 459 815 ipsa
482 736 519 794 de
542 757 629 796 causa
653 741 683 794 et
699 736 777 814 quia,
800 742 835 796 ut
857 742 960 814 postea
984 738 1149 816 apparebit,
1174 758 1220 796 res
1243 737 1309 814 ipsa

193 827 281 903 cogit,
304 826 340 884 de
362 825 521 885 Britonum
544 826 666 885 ecclesia
682 832 712 885 61
727 826 764 884 16
781 823 936 885 Scotorum
960 828 1120 905 separatim
1143 832 1188 886 est
1210 826 1308 886 dicen·

192 915 272 975 dum.
317 915 450 974 Primum
474 915 567 992 igitur

538 1142 747 1227 Britonum
781 1143 946 1230 ecelesia

193 1364 289 1441 qualis
311 1364 420 1436 fuerit,
447 1362 667 1440 inquirentibus
690 1363 774 1422 nobis
799 1371 860 1423 tres
884 1369 997 1425 aetates
1021 1365 1246 1444 distinguendae
1268 1369 1311 1427 vi·

193 1454 302 1512 dentur
326 1474 403 1526 esse,
433 1453 529 1531 prima
552 1452 671 1528 quidem
694 1452 921 1530 primordiorum
945 1474 1037 1531 usque
1061 1457 1099 1514 ad
1122 1478 1230 1516 annum
1255 1457 1310 1516 cir·

194 1544 268 1602 citer
291 1543 364 1616 450,
389 1542 522 1616 secunda,
547 1562 605 1618 qua
628 1542 722 1618 magis
745 1549 847 1603 nostra
870 1545 1075 1619 quaerentium
1099 1567 1198 1621 causa,
1223 1533 1311 1624 quani

193 1633 258 1711 ipsa
282 1653 314 1690 re
337 1652 438 1690 ansam
462 1631 624 1710 praebente
647 1633 813 1709 sejungitur
836 1654 853 1692 6
876 1634 974 1707 tertia,
997 1633 1066 1692 inde
1089 1636 1126 1694 ab
1151 1656 1229 1695 anno
1246 1636 1310 1694 450

193 1741 286 1798 usque
310 1721 348 1780 ad
370 1741 487 1794 annum,
512 1740 570 1799 quo
586 1720 775 1798 Augustinus
795 1723 826 1780 in
841 1722 1031 1782 Britanniam
1046 1725 1136 1796 venit,
1159 1727 1178 1785 i.
1196 1747 1220 1784 6.
1238 1726 1311 1797 507,

193 1811 284 1871 tertia
307 1811 432 1888 denique
462 1831 556 1888 usque
580 1810 618 1869 ad
641 1831 749 1870 annum
774 1811 891 1871 circiter
914 1814 1198 1890 octingentesimum.
1244 1814 1310 1874 Pri·

193 1922 273 1960 mum
296 1901 388 1978 igitur

549 2041 586 2108 ie
610 2043 832 2126 primordiorum
856 2044 957 2111 asiais

193 2169 395 2228 disserendum
411 2174 464 2230 est.
510 2170 679 2228 Primordia
701 2170 767 2248 ipsa
790 2190 866 2247 quae
889 2170 1021 2243 fuissent,
1045 2191 1092 2228 rcs
1116 2179 1192 2231 esset
1215 2171 1311 2230 facilis

194 2258 232 2317 ad
255 2258 504 2334 cognoscendum,
528 2259 553 2315 si
576 2258 732 2330 sciremus,
756 2258 833 2316 unde
856 2257 983 2316 fuissent
1005 2258 1036 2316 id
1059 2265 1104 2318 est
1126 2260 1151 2319 si
1175 2261 1308 2338 explora·

192 2354 256 2407 tum
278 2348 461 2420 haberemus,
485 2367 502 2404 a
526 2366 652 2422 quonam
677 2347 749 2404 fides
773 2346 931 2405 christiana
954 2346 986 2405 in
1008 2347 1197 2408 Britanniam
1220 2351 1311 2409 allata

193 2442 278 2496 esset.
324 2435 384 2495 Sed
413 2436 449 2494 do
480 2435 535 2493 hac
564 2456 596 2492 re
625 2435 676 2493 vix
705 2435 818 2512 aliquid
847 2455 900 2513 pro
934 2442 1014 2495 certo
1038 2436 1180 2498 affirmari
1203 2444 1309 2517 potest.

194 2525 299 2585 Gildas
322 2525 414 2598 enim,
450 2523 673 2602 antiquissimus
696 2545 794 2583 rerum
817 2525 1059 2585 Britannicarum
1082 2529 1224 2606 scriptor,
1259 2530 1311 2606 qui

192 2620 295 2674 natum
318 2635 348 2672 se
372 2635 433 2674 6666
457 2614 519 2691 ipse
542 2612 743 2673 testificatur¹
767 2615 867 2673 eodem
891 2636 982 2688 anno,
1015 2637 1073 2694 quo
1098 2619 1227 2678 obsessio
1250 2619 1308 2677 Ba·

192 2703 291 2763 donici
314 2702 422 2762 montis
445 2704 525 2762 facta
548 2703 587 2761 sit
611 2704 659 2778 (cf.
676 2699 882 2786 Lappaabem,
909 2699 1073 2766 Gcacbicbic
1088 2727 1144 2766 666
1161 2703 1309 2790 11691661.

195 2796 277 2854 1834.
296 2796 319 2852 1.
335 2789 397 2852 Bri.
408 2814 443 2871 p.
461 2794 528 2870 104)
544 2793 562 2850 1.
580 2814 603 2850 6.
627 2813 704 2851 anno
722 2794 824 2852 516¹¹²⁰
839 2796 887 2854 vel
905 2794 1007 2852 5201]Ο
1023 2795 1094 2872 (vid.
1111 2797 1210 2857 Schbll
1230 2820 1259 2876 p.
1278 2799 1310 2869 33

193 2882 366 2956 Stevenson,
390 2903 480 2961 opera
503 2881 619 2942 Gildae.
646 2884 729 2944 1838
753 2905 782 2962 p.
798 2884 880 2947 VIII
901 2886 979 2962 sqq.)
1002 2888 1165 2946 vetustiora
1187 2887 1309 2964 scripto-

193 2994 258 3033 rum
274 2980 463 3032 monumenta
482 2971 526 3046 „si
539 2994 597 3056 qua
612 2973 744 3056 suerint“
764 2997 823 3034 non
840 2997 1008 3055 comparere
1025 2977 1159 3053 queritur
1174 2977 1311 3053 (historia

193 3066 211 3142 ξ
235 3064 255 3121 4
279 3063 323 3121 61.
346 3061 511 3121 Stevenson
541 3084 570 3140 p.
598 3064 658 3140 13).
704 3065 774 3142 Ipse
798 3085 862 3123 cum
886 3088 923 3124 ne
946 3062 1079 3126 sermone
1102 3072 1221 3146 patrum
1246 3067 1309 3144 qui-

193 3154 260 3212 dem
290 3152 447 3230 quicquam
475 3151 510 3209 de
541 3152 654 3228 origine
679 3155 816 3213 ecclesiae
839 3155 1031 3215 Britannicae
1061 3157 1218 3215 memoriae
1242 3177 1309 3234 pro·

193 3244 288 3302 ditum
311 3248 403 3314 esset,
434 3241 546 3314 omnia,
581 3262 655 3318 quae
679 3243 715 3300 de
739 3244 951 3320 antiquissimis
978 3245 1160 3321 temporibus
1184 3251 1310 3315 enarrat,

193 3337 344 3391 mutuatus
367 3337 412 3390 est
435 3332 472 3389 ab
496 3331 625 3390 Eusebio
649 3330 762 3407 (Schiill
784 3355 811 3410 p.
838 3336 855 3390 9
880 3336 967 3411 sqq).
1012 3333 1057 3392 At
1080 3334 1118 3406 is,
1142 3354 1160 3391 a
1183 3353 1309 3409 quonam

192 3422 266 3481 fides
290 3420 451 3479 christiana
473 3420 504 3478 in
527 3421 715 3480 Britanniam
738 3424 828 3481 allata
852 3430 937 3495 esset,
960 3423 1024 3500 ipse
1047 3421 1205 3481 nesciebat.
1251 3422 1309 3482 Ne·

193 3532 250 3588 que
273 3531 309 3568 ex
331 3510 376 3583 iis,
400 3529 475 3585 quae
491 3507 596 3568 Gildas
613 3511 649 3569 de
665 3511 726 3570 suis
749 3511 872 3583 addidit,
897 3511 1055 3589 quicquam
1079 3510 1178 3587 colligi
1202 3517 1309 3589 potest.

192 3601 269 3662 Nam
293 3599 338 3672 iis,
362 3619 438 3675 qnae
460 3600 552 3658 refert
576 3599 656 3674 (hist.
680 3602 697 3678 ξ
716 3602 756 3658 10
779 3623 808 3679 p.
828 3602 880 3676 17)
904 3600 940 3659 de
963 3599 1082 3659 Albano
1105 3600 1310 3660 Verolamensi

193 3698 224 3750 et
247 3689 283 3747 de
305 3689 428 3747 Aarone
450 3688 601 3766 Julioque,
624 3689 706 3748 urbis
729 3690 895 3766 Legionum
918 3689 1047 3762 civibus,
1077 3689 1109 3747 in
1130 3689 1310 3749 Diocletiani

192 3778 396 3859 perseeutione
419 3778 634 3854 martyrizatis,
665 3779 799 3855 equidem
823 3777 922 3854 (aliter
944 3778 1099 3855 Brightius
1122 3800 1150 3856 p.
1175 3780 1208 3856 8)
1231 3779 1310 3837 haud

193 3869 252 3928 scio
276 3889 314 3927 an
337 3867 411 3925 fides
433 3868 607 3944 deneganda
636 3868 683 3927 sit.
728 3867 968 3926 Persecutionem
992 3868 1068 3926 enim
1092 3868 1309 3927 Diocletianam

192 3957 382 4017 Britanniam
406 3976 463 4015 non
488 3957 622 4033 attigisse
646 3978 681 4015 ex
704 3958 829 4016 aliorum
852 3957 1028 4017 testimoniis
1045 3959 1181 4035 (quorum
1205 3957 1309 4016 seriem

193 4047 293 4107 videas
316 4046 395 4124 apud
418 4047 458 4105 H.
482 4046 541 4105 and
564 4046 606 4106 St.
630 4046 655 4120 i,
679 4069 707 4124 p.
733 4049 765 4119 6)
790 4051 913 4106 6666161.
960 4047 1043 4120 Quae
1074 4067 1139 4106 cum
1168 4046 1213 4104 ita
1242 4045 1309 4117 sint,

285 4257 294 4288 ¹
312 4255 458 4310 Bbrardus
479 4255 514 4310 de
533 4256 618 4312 Gilda
637 4255 749 4308 omnino
767 4255 838 4307 nihil
858 4256 932 4308 dixit
949 4256 1004 4308 nisi
1029 4273 1092 4309 eum
1111 4253 1186 4306 circa
1207 4269 1308 4305 annum

193 4328 309 4383 450mnm
327 4328 378 4396 (sic
386 4328 407 4397 1)
426 4328 456 4380 in
475 4326 607 4382 Gambria
626 4326 728 4382 vixisse
748 4328 788 4396 (p.
809 4327 863 4395 10).
1032 4333 1034 4337 ’
