3024 4920
732 183 949 241 -78-

275 363 375 424 steriis
406 362 573 422 arctissime
602 363 754 438 conjuncti
785 370 880 422 eraut.
925 364 992 421 Hoc
1020 362 1100 420 idem
1126 361 1181 420 hoc
1212 360 1276 419 loco
1307 359 1404 419 mani·

274 451 469 511 festissimum
491 456 545 511 est.
581 447 667 511 Nom
689 448 827 512 nwuaclei
846 460 928 511 crau
951 449 1089 521 ιιιαιιιιιιι,
1114 448 1165 531 qui
1186 469 1253 508 cum
1275 445 1404 509 Accone
1455 500 1457 504 .

275 538 319 598 ud
335 538 575 618 praedicundum
597 549 741 601 emerant
787 537 953 599 Monachus
977 539 1038 620 ipse
1061 537 1221 619 autemus,
1245 545 1343 616 utpote
1367 534 1404 597 de

273 625 387 699 insula,
417 647 490 708 quun
520 639 639 689 matur
661 625 720 689 Hit
741 627 898 689 cauimus
922 630 1019 704 (Beda
1038 630 1067 686 h.
1088 648 1111 689 e.
1133 629 1162 700 3,
1184 628 1213 700 3,
1236 627 1254 704 ξ
1279 626 1354 703 157)
1379 633 1406 684 et

276 713 478 776 monachicam
501 737 567 776 cum
589 717 650 777 suis
673 716 806 778 omuibus
832 716 922 777 ιηἰαιιι
949 736 1064 799 semper
1091 735 1176 799 uque
1205 712 1314 776 soubcc
1337 713 1403 790 (vit.

276 803 374 864 Oudb.
390 806 480 879 XVI,
496 807 513 884 ὅ
531 806 582 878 25,
598 826 644 884 op.
660 807 703 880 ΙΙ,
719 828 748 884 p.
763 808 826 883 79).
863 802 946 866 Unde
966 808 1010 866 ait
1033 805 1118 863 Beda
1136 805 1204 881 (vit.
1220 804 1315 864 Oudb.
1331 804 1350 861 l.
1368 807 1404 880 c.)

274 891 316 951 ab
338 890 389 955 illo
412 914 510 955 munes
534 892 591 955 loci
615 894 707 976 insius
734 893 871 956 astutum
899 894 940 954 sic
969 891 1130 976 episcopale
1157 891 1317 954 exacuisse
1340 890 1404 976 offi-

277 980 370 1054 uum,
403 992 435 1042 ut
464 992 575 1064 regesne
604 983 813 1046 monumentum
845 982 962 1055 muco,
993 1002 1078 1065 ᾳιιιιιι
1106 981 1166 1062 ipa
1193 1002 1260 1042 cum
1286 977 1406 1043 aneto

267 1069 408 1152 fratrum
438 1069 584 1153 elegerint,
616 1092 713 1134 omncs
737 1071 915 1153 presbytcri,
947 1070 1075 1145 ducat,
1112 1079 1258 1143 cantores,
1287 1067 1406 1131 ἰιιιονιι

277 1160 416 1243 ιιίιιίᾳιιι
444 1160 558 1242 gradus
589 1159 770 1222 acclamastici
797 1159 998 1222 mareoticum
1027 1180 1086 1242 per
1116 1157 1216 1220 munia
1243 1179 1311 1221 oum
1339 1156 1405 1240 tineo

278 1246 413 1331 giacopo
436 1247 571 1332 regulam
593 1259 711 1311 servent.
742 1285 784 1307 -.—
814 1251 861 1310 At
887 1252 999 1324 nasein,
1031 1272 1068 1309 an
1091 1251 1123 1308 in
1146 1250 1201 1309 hac
1224 1247 1365 1309 reuoca
1388 1268 1407 1306 a

279 1339 409 1398 veritate
432 1341 566 1417 paullum
589 1340 782 1400 aberraverit.
820 1340 898 1400 Nam
922 1361 987 1398 cnm
1010 1340 1073 1417 ipse
1097 1344 1166 1397 ante
1184 1336 1324 1397 colmani
1346 1336 1406 1399 dis·

278 1445 394 1486 cessum
418 1428 468 1502 (cf.
491 1429 582 1505 infra)
610 1429 729 1488 abbatis
751 1429 1005 1489 Lindisfarnensis
1028 1428 1209 1497 mentionem
1231 1447 1290 1487 nou
1311 1425 1408 1484 faciat

280 1514 321 1589 (h.
338 1537 362 1574 e.
382 1517 410 1589 3,
428 1518 479 1589 26,
496 1519 513 1595 ᾗ
530 1519 616 1593 237),
648 1519 857 1596 suspicandum
880 1525 1008 1578 estnon
1030 1518 1125 1576 solum
1147 1515 1320 1586 Accianum,
1354 1513 1409 1574 sed

278 1602 372 1662 etiam
395 1604 545 1664 Finanum
568 1615 599 1667 et
622 1606 796 1666 Oolmanum
820 1607 901 1684 ipsos
924 1607 1043 1667 abbatis
1066 1603 1170 1663 officiis
1192 1605 1311 1663 functos
1334 1622 1406 1662 esse.

278 1690 342 1751 Sed
365 1694 422 1752 etsi
444 1695 542 1754 facere
564 1716 624 1754 non
648 1716 816 1773 possumus,
840 1697 911 1772 quin
935 1696 1009 1754 illud
1032 1687 1227 1771 suspicemur,
1250 1691 1409 1752 tamenin

280 1781 336 1839 hac
351 1803 384 1840 re
401 1785 591 1862 conspicuum
606 1785 796 1860 relinquitur,
821 1785 901 1861 quod
922 1785 1005 1861 prior
1028 1789 1092 1842 erat
1116 1781 1291 1860 episcopalis
1314 1780 1408 1852 sedes,

272 1871 429 1947 ¹posterius
453 1873 673 1947 monasterium,
698 1873 777 1948 quod
797 1874 937 1933 Ebrardo
959 1893 1081 1951 prorsus
1103 1877 1261 1949 repugnat.
1292 1869 1408 1929 Eodem

281 1959 368 2018 modo
400 1963 491 2021 etiam
522 1962 640 2021 Ceddus
671 1963 826 2041 episcopus
857 1968 887 2022 et
917 1963 981 2041 ipse
1012 1961 1186 2034 monachus,
1217 1964 1409 2038 postquam

280 2048 438 2127 episcopus
469 2050 667 2110 Orientalium
698 2051 849 2113 Saxonum
882 2052 979 2110 factus
1010 2056 1070 2124 est,
1105 2048 1318 2108 monasterium
1348 2047 1409 2108 sibi

279 2140 450 2197 construxit
480 2143 603 2216 ejusque
626 2137 717 2220 jueta
746 2139 819 2201 rc'tsu
848 2137 1141 2220 Lindisfcrnensium
1169 2135 1293 2196 instituti
1320 2136 1411 2197 simul

273 2244 348 2297 =cum
372 2228 546 2306 episcopatu
570 2249 671 2288 euram
693 2230 786 2306 gessit
808 2250 902 2305 usque
918 2229 956 2286 ad
972 2234 1096 2287 mortem
1112 2226 1209 2302 (Beda
1224 2227 1254 2285 h.
1271 2247 1296 2285 e.
1313 2227 1342 2300 3,
1356 2225 1411 2296 23,

279 2314 404 2392 ξ218).
451 2317 590 2393 Denique
614 2317 716 2376 eodem
738 2319 826 2377 modo
850 2319 940 2377 etiam
964 2316 1098 2389 Oeadda,
1128 2315 1307 2375 Marciorum
1332 2313 1409 2392 epis·

280 2421 382 2480 copus,
406 2404 587 2466 monacnum
609 2404 664 2466 stoi
677 2403 751 2486 fecit
772 2427 832 2466 non
854 2404 937 2486 louge
960 2404 997 2466 ab
1020 2401 1137 2466 ιιιίιιία
1159 2402 1353 2475 remunerem,
1378 2401 1411 2461 ιἰι

280 2510 342 2571 quc
357 2492 490 2554 auctius
505 2515 572 2554 cum
588 2493 704 2575 peuces,
727 2494 761 2556 iu
775 2504 816 2557 est
831 2503 938 2576 septem
960 2493 1018 2554 sive
1041 2502 1103 2553 octo
1118 2491 1276 2574 stuata,
1299 2489 1411 2574 quotae

280 2597 303 2635 c
325 2575 424 2642 labore
446 2591 472 2641 et
493 2582 652 2645 minumae
675 2583 754 2645 cubi
774 2583 906 2655 υσιιιόιιι,
931 2601 1017 2643 orare
1039 2591 1065 2643 et
1079 2579 1171 2663 legere
1185 2578 1296 2642 solebat
1310 2580 1411 2658 (Beda

280 2666 352 2726 h.e.
370 2669 581 2749 ι133260).

372 2758 458 2818 Haec
474 2761 572 2820 omnia
588 2783 654 2821 cum
676 2763 721 2834 iis,
746 2782 822 2839 quae
838 2782 929 2841 supra
944 2761 1081 2834 diximus,
1105 2761 1216 2840 optime
1232 2765 1412 2837 congruunt.

282 2846 401 2924 Itaque,
424 2857 591 2926 postquam,
615 2852 744 2928 quaeda
766 2852 822 2911 hac
844 2871 877 2910 re
892 2857 1035 2924 constent,
1062 2851 1194 2924 vidimus,
1217 2856 1335 2928 tempus
1355 2855 1411 2921 est,

283 2944 319 2997 ut
342 2958 409 2997 eum
430 2939 634 3000 Romanorum
657 2941 790 3001 moribus
813 2961 1016 3018 comparemus
1040 2939 1182 3000 Scoticos.
1213 2937 1413 3015 comparavit

278 3029 344 3101 jem
367 3026 460 3087 Beda.
507 3028 726 3088 Commemorat
756 3030 834 3088 enim
866 3030 930 3105 (vit.
954 3029 1049 3088 Oudb.
1072 3031 1090 3089 l.
1113 3032 1151 3106 c.)
1179 3027 1261 3086 illam
1288 3024 1411 3086 vivendi

285 3134 434 3189 normam,
466 3137 556 3193 quem
585 3118 618 3175 in
647 3117 886 3177 Lindisfarnenei
916 3118 1095 3179 monasterio
1128 3125 1159 3177 et
1188 3116 1299 3194 passim
1329 3113 1412 3194 apud

283 3201 390 3263 Scotos
412 3205 588 3279 invenimus,
614 3206 736 3266 eandem
759 3226 830 3279 esse,
854 3226 944 3286 quam
967 3208 1072 3266 beatus
1088 3227 1166 3284 papa
1183 3203 1348 3280 Gregorius
1373 3203 1412 3263 ab

283 3288 458 3369 Augustino
482 3293 681 3355 cantuarensi
703 3302 735 3355 et
762 3295 850 3356 sociis
879 3298 942 3370 ejus
971 3297 1159 3356 observatam
1181 3292 1286 3355 voluit.
1332 3293 1412 3354 Nam

283 3388 316 3440 et
339 3382 402 3459 ipse
426 3383 614 3460 Augustinus
642 3384 797 3461 episcopus
825 3390 891 3443 erat
919 3391 949 3443 et
971 3385 1064 3443 abbas
1088 3384 1185 3460 (Beda
1206 3383 1234 3440 h.
1256 3401 1282 3439 e.
1310 3383 1337 3455 1,
1359 3381 1411 3454 23,

285 3470 374 3546 ξ51,
399 3474 434 3532 cf.
456 3474 519 3549 52).
565 3473 669 3548 Neque
706 3494 782 3532 unus
813 3472 977 3549 Gregorius
1012 3472 1095 3531 illam
1125 3471 1244 3532 vivendi
1276 3488 1412 3529 normam

283 3559 435 3636 probavit,
459 3562 511 3620 sed
534 3562 673 3620 universa
697 3562 818 3621 eeclesia
842 3561 988 3620 catholica
1010 3561 1135 3621 alterius
1158 3558 1335 3636 Augustini,
1358 3558 1411 3618 illo

278 3647 434 3720 clarioris,
466 3650 631 3727 exemplum
658 3670 783 3727 sequens
810 3651 886 3708 hanc
909 3649 1110 3709 instituendae
1134 3649 1306 3709 clericorum
1329 3647 1413 3707 vitae

284 3736 413 3800 formam
431 3737 573 3814 optimam
589 3759 651 3799 esse
675 3759 709 3799 ae
732 3740 893 3818 perfectam
916 3758 1069 3814 nunquam
1091 3758 1151 3797 non
1175 3736 1297 3808 censuit,
1320 3736 1413 3795 immo

279 3833 391 3903 spostea
421 3827 502 3885 vitae
532 3829 690 3887 canonicae
722 3827 842 3887 elericos
873 3827 1008 3904 obligans
1042 3827 1160 3905 publice
1191 3833 1236 3887 est
1269 3827 1413 3902 professa.

286 3914 370 3991 Ergo
403 3915 483 3990 quod
512 3915 698 3993 potissimum
729 3916 886 3976 Scotorum
913 3922 978 3975 erat
1011 3916 1175 3993 proprium,
1206 3916 1413 3974 Romanorum

288 4002 420 4062 moribus
443 4024 631 4080 nequaquam
654 4011 719 4064 erat
743 4005 932 4064 contrarium.
964 4004 1044 4077 Quin
1068 4004 1158 4063 etiam
1181 4004 1207 4063 si
1230 4004 1261 4062 in
1285 4003 1414 4080 antiqua

280 4094 348 4167 jam
369 4090 525 4153 Scotorum
550 4095 672 4153 ecclesia
695 4093 838 4153 nonnulla
862 4092 1042 4152 monasteria
1066 4092 1167 4151 eodem
1188 4095 1256 4168 jure
1280 4091 1415 4168 eligendi

290 4179 444 4259 episeopus
466 4202 519 4243 usa
543 4188 649 4253 essent,
673 4203 731 4258 quo
747 4187 851 4258 postea
867 4180 992 4256 (Braun,
1016 4180 1052 4239 de
1069 4179 1190 4240 Ouldeis
1205 4202 1235 4258 p.
1254 4182 1294 4238 10
1312 4186 1344 4240 et
1364 4183 1416 4254 19,

281 4266 408 4329 Ebrard
423 4292 451 4348 p.
465 4272 484 4329 4
501 4277 562 4330 not.
580 4271 621 4347 3),
638 4291 675 4330 ne
691 4271 746 4329 hoe
763 4267 882 4346 quidem
897 4268 1040 4331 Romanis
1056 4268 1283 4344 improbandum
1298 4269 1417 4331 fuisset.
