3024 4920
548 250 788 304 -117-

110 420 200 486 fuisse
230 426 401 486 Eckhartus
432 426 546 485 censuit
573 425 713 502 (Francia
743 425 897 484 orientalis
920 425 950 497 I,
980 446 1008 502 p.
1033 427 1120 502 270),
1149 431 1227 484 teste

110 518 172 578 vita
196 515 363 575 Audomari
388 518 415 588 7,
439 516 517 576 1161).
540 515 591 589 ΙΙ,
615 522 682 574 ann.
708 518 780 589 667,
803 536 833 592 p.
857 515 920 572 562
945 534 1003 572 666
1027 515 1058 573 16
1080 514 1227 574 Hibernia

111 607 161 666 sed
185 606 217 663 in
248 603 367 682 regione
395 604 619 671 constantiensi
646 611 734 664 natus
762 613 834 663 erat.
880 603 1070 680 Arbogastus
1100 603 1227 680 deniqne

110 703 139 755 et
168 694 352 767 Florentius,
379 693 650 770 Argentoratenses
678 693 808 772 episcopi
832 693 1013 769 (Harttung,
1028 715 1073 771 ·p.
1098 694 1153 765 26,
1176 693 1228 751 sed

110 782 179 844 vide
201 782 274 841 illud
297 779 435 842 6661161616
458 805 487 860 p.
505 783 560 860 32)
583 783 641 840 6161
663 783 743 860 apud
769 781 942 860 posterioris
968 782 1111 860 temporis
1136 781 1227 860 scrip·

109 881 189 933 tores
213 871 285 947 (vid.
308 871 456 948 Rettberg
478 871 521 944 ΙΙ,
544 893 573 950 p.
599 872 639 929 63
664 875 741 949 sqq.)
764 870 847 930 Scoti
875 891 934 930 non
962 871 1166 944 nominantur,
1197 877 1228 931 et

110 982 185 1039 quae
215 961 257 1020 sit
286 961 483 1039 posteriorum
519 961 551 1019 in
584 961 639 1019 hac
671 982 703 1018 re
734 961 896 1019 auctoritas
926 965 1052 1036 apparet
1083 980 1118 1018 ex
1150 960 1228 1019 vitae

111 1050 320 1128 Obrodegangi
343 1052 430 1137 (6666.
453 1049 512 1108 IX.
535 1050 684 1126 Rettberg
707 1049 733 1123 I,
756 1071 785 1127 p.
810 1050 887 1126 493)
911 1049 1003 1107 hisce:
1020 1043 1226 1129 Bonifatium,

109 1139 160 1221 qui
181 1148 206 1198 et
234 1134 402 1220 Winfridus
424 1137 527 1210 datm,
551 1157 587 1199 66
602 1134 747 1198 litteraria
769 1136 925 1197 6661666666
941 1137 1104 1211 (1161611666,
1121 1137 1227 1196 Frane.

110 1229 215 1287 orient.
230 1227 257 1301 I,
280 1250 310 1307 p.
328 1229 413 1305 920).
445 1226 505 1287 Sed
527 1228 602 1286 hanc
625 1247 688 1285 rem
712 1228 734 1285 ii
757 1226 929 1302 dijudicent,
953 1226 1004 1302 qui
1028 1226 1134 1300 omnia,
1152 1246 1227 1302 quae

110 1323 237 1392 exstant,
260 1318 443 1376 saeculorum
459 1316 514 1390 VI,
531 1315 603 1390 VII,
627 1315 709 1376 VIII
730 1316 901 1375 testimonia
923 1316 1058 1374 funditus
1077 1315 1228 1386 noverint;

110 1413 199 1480 certo,
224 1407 249 1465 si
273 1406 324 1482 qui
347 1407 468 1465 fuerunt
491 1405 621 1484 episcopi
650 1405 834 1484 parochiales
858 1406 894 1464 de
921 1405 1041 1464 natione
1064 1403 1228 1476 Scotorum,

109 1496 251 1574 perpauci
272 1496 401 1554 fuerunt.

198 1584 301 1660 Neque
332 1604 471 1661 magnum
501 1584 591 1642 fuisse
625 1584 730 1661 opinor
764 1603 919 1642 numerum
950 1604 1065 1655 eorum,
1101 1584 1152 1660 qui
1182 1582 1229 1642 vel

109 1675 251 1733 abbatum
275 1694 398 1732 munera
420 1674 580 1732 subeuntes
603 1674 651 1732 661
679 1673 887 1732 monachorum
911 1673 1033 1749 collegio
1057 1672 1230 1731 accedentes

109 1763 140 1821 in
164 1762 351 1822 monasteriis
383 1761 539 1821 stabiles
569 1760 651 1820 sedes
679 1761 736 1820 sibi
760 1761 941 1840 delegerunt.
988 1760 1047 1820 Sed
1070 1762 1118 1819 661
1140 1761 1229 1837 66661

111 1850 325 1909 ecclesiasticae
341 1850 515 1927 disciplinae
529 1849 661 1929 periculo
677 1858 771 1921 erant,
794 1850 972 1926 simulatque
995 1849 1155 1927 episcopali
1175 1867 1229 1906 sua

111 1938 260 2015 dignitate
276 1944 396 2016 praeter
407 1942 456 2014 jus
472 1940 643 1998 utebantur.
670 1940 737 2000 Non
754 1940 872 1998 omnino
889 1941 967 1997 enim
981 1936 1229 2015 impediebantur,

112 2026 268 2104 quominus
290 2027 462 2086 muneribus
486 2028 930 2106 episcopalibusfungerentur.
974 2027 1053 2088 Nam
1082 2033 1229 2104 utsupra

108 2118 171 2192 jam
204 2117 494 2175 commemoravimus
518 2116 640 2194 (pet)
670 2117 820 2175 nonnullis
850 2117 880 2174 in
912 2115 1013 2175 Gallia
1041 2115 1229 2176 monasteriis

111 2225 282 2281 eorumque,
301 2206 501 2282 compluribus
531 2227 549 2264 a
579 2204 676 2266 Scotis
707 2206 878 2265 constitutis
907 2205 945 2264 ab
980 2204 1053 2284 ipsis
1082 2204 1229 2284 episcopis

110 2293 329 2370 parochialibus
359 2294 523 2373 privilegiis
552 2295 728 2374 permissum
758 2301 836 2368 erat,
870 2301 905 2353 ut
934 2294 1028 2373 ipsius
1057 2294 1230 2354 monasterii

113 2382 246 2460 episcopi
267 2382 433 2443 ministeria
456 2385 648 2462 episcopalia,
676 2404 752 2462 quae
781 2385 813 2443 in
836 2384 1015 2443 monasterio
1039 2402 1112 2460 6666
1136 2387 1230 2453 erant,

110 2471 362 2530 administrarent.
393 2472 460 2532 Hoc
482 2493 603 2532 munere
628 2474 832 2550 episcoporum
855 2471 1121 2544 monasterialium,
1145 2473 1230 2545 cujus

111 2560 194 2636 origo
218 2567 320 2619 utrum
343 2581 361 2618 6
384 2558 482 2619 Scotis
504 2582 543 2619 an
566 2582 584 2618 a
607 2559 703 2619 Gallis
733 2561 895 2638 repetenda
926 2561 978 2634 sit,
1010 2559 1105 2619 adhuc
1132 2557 1229 2632 hodie,

108 2657 145 2708 ut
168 2648 295 2709 diximus
318 2651 421 2727 (supra
444 2671 473 2726 p.
499 2651 562 2726 67),
586 2670 645 2707 666
669 2649 741 2708 66616
765 2649 950 2727 exploratum
974 2655 1027 2722 est,
1050 2655 1133 2709 certo
1155 2655 1228 2708 tem·

110 2738 233 2816 poribus
265 2739 375 2797 sacculi
400 2737 463 2797 VII
490 2745 521 2799 et
544 2737 626 2799 VIII
658 2744 688 2798 et
710 2738 761 2796 IX
793 2739 911 2817 saepius
941 2740 972 2796 in
1003 2737 1103 2796 Galba
1136 2737 1231 2796 functi

110 2832 179 2886 sunt
202 2825 285 2887 Sonti
308 2827 534 2906 peregrinantes
558 2828 605 2905 (cf.
629 2827 767 2903 Loening
790 2827 833 2900 II,
856 2849 884 2905 p.
910 2827 973 2885 445
998 2833 1060 2885 not.
1085 2827 1113 2896 4,
1136 2826 1230 2885 Hart-

110 2924 193 2994 tung,
217 2937 245 2993 p.
270 2917 423 2992 32-47).
460 2916 548 2974 Tales
571 2916 724 2994 episcopos
747 2916 866 2974 omnino
889 2917 985 2974 bonae
1008 2914 1148 2974 ecelesiae
1170 2915 1229 2974 dis·

111 3005 239 3083 ciplinae
262 3004 441 3064 detrimento
465 3022 524 3063 666
538 3007 612 3063 6666
642 3025 701 3062 666
733 3004 877 3083 potuisse,
903 3005 1087 3082 Harttungio
1112 3006 1153 3082 (6.
1178 3004 1229 3076 34,
1346 3031 1349 3037 ·

75 3104 77 3108 ’
111 3095 146 3152 cf.
171 3114 260 3172 supra
285 3095 339 3170 65)
368 3114 428 3152 non
456 3094 627 3164 concedam,
658 3094 709 3152 sed
741 3114 798 3169 quo
828 3094 924 3153 minus
957 3094 1138 3172 compositus
1166 3093 1231 3151 erat

105 3189 180 3242 -ante
203 3182 389 3242 Bonifatium
412 3183 552 3242 eeclesiae
576 3181 732 3241 Gallorum
761 3188 871 3256 status,
902 3203 936 3242 eo
966 3183 1061 3261 magis
1084 3183 1230 3260 episeopis

109 3272 169 3330 illis
193 3272 415 3347 subjiciebatur,
438 3279 473 3331 66
496 3272 661 3350 privilegiis
684 3272 744 3330 illis
767 3272 923 3331 abutentes
947 3273 1037 3331 etiam
1061 3279 1145 3330 extra
1168 3291 1228 3328 mo·

109 3361 241 3420 casteria
263 3361 428 3420 ministeria
451 3360 632 3439 episcopalia
656 3359 843 3432 exhiberent,
868 3360 947 3438 quod
970 3380 1029 3418 non
1052 3361 1115 3419 sins
1139 3359 1228 3418 detri-

109 3455 209 3509 mento
231 3450 447 3519 ecclesiasticae
471 3449 646 3527 disciplinae
673 3449 739 3506 fieri
768 3449 902 3526 potuisse
931 3450 1034 3527 liquet.
1081 3446 1140 3508 Sed
1163 3468 1229 3506 eum

106 3538 188 3597 band
211 3536 301 3598 dubie
324 3540 412 3617 pauci
436 3547 535 3599 essent
558 3545 589 3598 et
612 3539 702 3597 certis
729 3539 848 3597 sedibus
879 3538 1053 3597 habitarent
1084 3538 1115 3595 in
1139 3537 1230 3596 oculis

109 3648 174 3686 oum
197 3627 328 3686 omnium
349 3629 501 3687 hominum
525 3635 589 3687 tum
613 3627 744 3705 ipsorum
769 3628 988 3706 episcoporum,
1018 3631 1098 3686 certo
1122 3627 1229 3686 tolera·

108 3716 182 3776 biles
204 3722 299 3775 erant.

196 3804 344 3864 Permulti
373 3810 472 3864 autem
502 3805 524 3863 ii
553 3806 683 3883 episcopi
712 3806 933 3882 etpresbyteri
957 3805 993 3863 de
1015 3805 1136 3863 natione
1160 3803 1229 3863 Sco·

107 3900 220 3968 torum,
240 3895 291 3973 qui
314 3915 395 3954 more
417 3895 671 3971 peregrinantium
694 3901 792 3953 terras
814 3902 1009 3972 peragrantes
1024 3893 1111 3952 modo
1128 3893 1159 3950 in
1175 3893 1230 3951 hoc

107 3982 194 4042 modo
217 3983 249 4041 in
271 3983 322 4043 1116
345 3983 526 4043 monasterio
546 3984 754 4057 versabantur,
776 3983 808 4041 in
830 4002 971 4060 magnum
995 3980 1157 4060 periculum
1179 3980 1229 4040 ad·

106 4073 256 4132 ducebant
283 4072 510 4133 ecclesiasticam
533 4073 729 4150 disciplinam.
778 4072 956 4149 Quanquam
979 4072 1057 4130 enim
1081 4070 1230 4129 nonnullis

107 4160 293 4222 monasteriis
316 4163 426 4221 licebat
448 4162 486 4220 ad
502 4161 736 4220 administranda
752 4161 918 4220 ministeria
934 4161 1114 4238 episcopalia
1130 4180 1230 4235 quem-

107 4251 182 4310 libet
198 4251 293 4310 acoire
309 4251 480 4330 episcopum
493 4251 541 4327 (cf.
554 4250 710 4329 Harttung
725 4272 754 4330 p.
768 4251 819 4307 29.
842 4248 980 4326 Loening
992 4249 1035 4322 H,
1048 4271 1078 4326 p.
1088 4249 1152 4310 383
1163 4251 1230 4324 sq),

107 4344 230 4415 tamen„
258 4339 375 4402 etiamsi
406 4339 583 4420 peragendis
617 4337 786 4414 hujusmodi
817 4337 989 4397 ministeriis
1021 4335 1066 4396 illi
1097 4336 1231 4397 contenti
