3024 4920
645 201 867 257 ..39-

197 374 279 438 aare
296 374 431 458 flatuque
447 397 594 457 prospero
617 397 699 436 inore
721 384 853 436 nostrum
876 376 1019 437 eustadii
1042 385 1071 437 et
1094 380 1134 455 (p.
1151 379 1227 455 XV)
1250 380 1316 453 alia,

197 467 366 525 obscuriora
395 467 514 543 quidem
536 467 601 539 illa,
633 486 721 543 quam
749 472 783 524 ut
806 486 975 526 asseverare
1003 468 1126 525 audeam
1151 467 1186 525 de
1210 468 1317 527 itinere

196 556 332 614 Romano
363 557 393 614 in
421 557 480 614 illis
507 555 572 612 fieri
602 555 794 627 mentionem,
824 555 945 615 haecce:
982 551 1080 616 Victor
1103 565 1165 615 erut
1187 554 1316 637 capetus,

195 642 247 725 qui
268 641 433 704 Patricium
461 663 545 723 saepe
572 642 687 703 madore
710 641 816 703 solutu
839 653 864 703 et
894 641 992 717 Victor
1014 641 1137 704 altem
1160 643 1317 726 capucium

196 733 237 792 ud
259 730 423 792 Patricium
439 730 657 812 proliibendum
679 752 714 793 ne
730 739 835 812 perpet
857 752 914 814 quo
930 753 1054 814 perpere
1077 734 1156 814 cupit
1178 733 1270 795 musit
1291 743 1317 796 et

196 820 272 882 dicit
293 819 348 893 illi,
372 841 463 902 quare
480 820 673 904 woficncais
688 820 748 882 sinc
768 817 891 882 Victoris
906 819 1024 882 consitio
1041 867 1047 881 .
1065 867 1071 880 .
1089 867 1095 880 .
1112 825 1160 898 (cf.
1176 846 1205 901 p.
1217 824 1316 884 XVII

196 907 351 991 capuciicis
374 908 531 991 conloquiis
538 908 698 992 fruebatur
713 919 869 991 antequam
885 911 921 971 de
937 908 1037 971 Sectis
1051 911 1093 971 ud
1109 908 1235 972 Latinos
1244 932 1315 993 pen-

193 998 294 1080 pcret).
340 1000 445 1058 Nonne
469 1000 514 1059 his
539 1020 655 1076 quoque
679 1000 777 1059 verbis
801 1001 902 1059 dedita
926 1022 1016 1078 opera
1038 1001 1174 1060 Muirchu
1197 1002 1316 1060 videtur

195 1089 318 1165 negasse
334 1088 499 1147 Patricium
522 1089 691 1167 pervenisse
707 1089 857 1147 Romam?
891 1089 929 1148 Id
953 1090 1072 1167 quidem
1088 1090 1232 1168 suspicari
1247 1092 1316 1150 licet

195 1178 381 1236 Muirchuum
411 1179 548 1256 episcopo
572 1177 707 1236 Romano
731 1178 810 1236 haud
833 1178 876 1237 ita
899 1179 974 1236 bene
998 1179 1132 1257 cupiisse.
1171 1179 1315 1256 Alioquin

196 1286 233 1325 an
264 1267 429 1345 scripsisset
460 1268 496 1325 de
518 1266 654 1324 Palladio
685 1287 702 1324 a
725 1266 893 1326 Ocelestino
925 1267 1026 1327 misso:
1053 1265 1204 1347 prolubuit
1231 1265 1317 1326 ilium

196 1357 263 1432 [om.
279 1357 372 1434 deus],
393 1354 463 1436 quic
477 1374 561 1415 uento
572 1363 667 1436 potest
681 1354 810 1435 compare
824 1355 980 1438 quicquum
995 1355 1031 1417 de
1046 1365 1125 1415 tenna
1140 1356 1198 1416 nisi
1212 1356 1316 1417 datum

194 1443 220 1504 ei
241 1443 336 1525 fuerit
367 1443 403 1504 dc
433 1442 509 1504 cocio
634 1463 764 1504 reomaus
792 1453 832 1504 est
858 1444 900 1504 au
927 1465 1005 1517 euni,
1036 1445 1088 1526 qui
1113 1444 1205 1505 misni
1232 1442 1316 1504 ilium

194 1533 333 1610 (Betham
349 1533 392 1603 H,
409 1555 476 1611 app.
492 1555 521 1610 p.
537 1533 590 1610 I)?
622 1532 766 1592 Attamen
782 1535 978 1593 fraudationis
993 1535 1180 1593 Muirchuum
1197 1556 1315 1595 accuses

193 1622 293 1680 nolim.
338 1623 434 1680 Immo
465 1628 567 1700 putem
595 1626 657 1698 jam
688 1629 758 1681 tunc
781 1623 871 1682 fuisse
893 1625 1063 1697 nonnullos,
1095 1626 1146 1700 qui
1169 1624 1315 1700 fingerent

194 1711 358 1770 Patricium
382 1733 437 1789 pro
460 1711 597 1770 Palladio
620 1712 668 1770 vel
690 1718 759 1789 post
782 1711 951 1771 Palladium
974 1713 1071 1771 Roma
1094 1733 1131 1770 ex
1153 1714 1228 1772 urbe
1251 1734 1314 1772 esse

193 1800 323 1859 missum.
363 1801 478 1874 Quibus
501 1821 566 1858 cum
589 1801 725 1859 Muirchu
749 1801 838 1860 vellet
861 1802 1018 1875 obsistere,
1049 1822 1152 1861 averso
1176 1802 1273 1861 animo
1297 1825 1314 1861 a

195 1889 286 1946 variis
309 1889 368 1947 illis
392 1889 517 1962 casibus,
541 1890 649 1965 quibus
671 1889 822 1949 Patricius
845 1898 1006 1967 antequam
1030 1911 1067 1948 ex
1090 1889 1189 1948 Gallia
1212 1893 1244 1949 in
1259 1891 1314 1950 Hi-

193 1977 327 2051 berniam
358 1977 473 2036 veniret
499 1981 631 2053 jactatus
662 1983 707 2037 est
738 1999 837 2037 omnes
869 1980 1063 2055 cogitationes
1092 1979 1179 2038 nimis
1201 1980 1314 2039 fervide

195 2066 315 2138 videtur
337 2066 498 2125 intendisse
522 2067 560 2125 ad
583 2067 753 2125 diluendam
777 2067 895 2125 illorum
919 2068 1096 2145 opinionem.

283 2155 342 2214 Sed
367 2176 485 2233 quoquo
509 2156 596 2214 modo
619 2176 667 2214 res
690 2176 752 2215 sese
775 2157 867 2215 habet
890 2177 956 2215 cum
971 2157 1119 2216 Muirchui
1135 2159 1314 2231 narratione,

193 2245 248 2303 hoc
277 2264 331 2321 pro
360 2251 442 2303 certo
469 2265 623 2322 possumus
651 2245 799 2303 affirmare
827 2246 937 2304 saeculi
959 2247 1080 2324 septimi
1103 2248 1197 2306 altera
1218 2255 1314 2326 parte,

194 2354 259 2392 cum
290 2333 473 2393 Tirechanus
504 2335 665 2407 scribebat,
697 2335 729 2392 in
760 2335 906 2393 Hibernia
935 2335 1025 2395 fuisse
1055 2337 1231 2413 permultos,
1264 2338 1314 2414 qui

193 2422 319 2481 Patricii
341 2422 450 2482 itinera
467 2442 527 2502 per
544 2417 678 2483 Gallioni
701 2432 785 2505 atque
804 2421 922 2483 naam
937 2432 1028 2484 totum
1041 2424 1217 2485 firmissimis
1231 2427 1314 2486 testi-

193 2512 309 2584 moniis,
333 2512 426 2588 ipsius
450 2512 575 2570 Patricii
598 2513 727 2590 scriptis,
750 2514 896 2572 haberent
919 2514 1119 2591 comprobata.

283 2600 396 2660 Verum
420 2600 568 2660 enimvero
592 2601 657 2679 ipsa
680 2601 731 2660 illa
754 2601 834 2660 dicta
853 2602 980 2661 Patricii
1001 2602 1072 2662 ficta
1095 2624 1158 2663 esse
1181 2611 1313 2682 possunt,

194 2689 282 2764 idque
305 2689 337 2747 in
353 2690 501 2755 Hibernia
524 2689 718 2763 meridionali,
743 2690 855 2768 quippe
871 2710 947 2768 quae
962 2692 1059 2768 prima
1076 2694 1206 2751 omnium
1223 2694 1314 2752 totius

193 2778 358 2845 Hiberniae
387 2780 539 2856 regionum
571 2800 648 2838 auno
674 2780 736 2837 634
761 2780 932 2838 societatem
959 2780 1061 2839 inierit
1084 2802 1149 2840 cum
1172 2782 1315 2841 Romanis

194 2868 265 2943 (vid.
282 2867 380 2944 infra).
420 2868 623 2945 Suspicionem
647 2869 725 2926 enim
749 2875 856 2940 movet,
881 2868 960 2945 quod
983 2871 1130 2944 permulta
1154 2876 1225 2929 tunc
1241 2878 1313 2930 tem·

193 2956 275 3033 poris
302 2954 372 3014 ficta
395 2963 464 3014 sunt
488 2957 568 3014 dicta
590 2955 731 3028 Patricii,
763 2976 839 3032 quae
861 2956 944 3014 illum
967 2956 1111 3016 Romanis
1134 2958 1242 3017 favisse
1265 2960 1313 3018 de·

194 3050 402 3103 monstrarent.
441 3044 488 3102 Ex
513 3045 620 3120 quibus
643 3045 698 3102 hoc
721 3065 813 3103 unum
830 3040 1058 3104 commemorare
1074 3047 1147 3106 satis
1163 3047 1211 3121 sit,
1236 3049 1315 3124 quod

194 3134 226 3191 in
243 3133 405 3192 canonibus
421 3133 593 3192 Hibernicis
609 3154 704 3211 nuper
718 3135 846 3211 primum
862 3134 893 3191 in
909 3136 1004 3194 lucem
1021 3136 1110 3197 editis
1126 3132 1198 3212 (Die
1213 3135 1316 3197 intacta

196 3217 507 3302 Cononensainmiunp.
538 3223 685 3301 Herausg.
700 3243 759 3282 von
774 3224 1043 3283 Wasserschleben.
1073 3224 1198 3285 Giessen
1217 3228 1314 3304 1874)

194 3331 272 3370 anno
296 3311 413 3370 circiter
438 3313 501 3369 700
526 3313 700 3390 conscriptis
724 3313 995 3386 (Wasserschleben
1018 3335 1047 3391 p.
1071 3314 1126 3386 VI,
1154 3336 1184 3392 p.
1207 3315 1314 3389 XVII,

195 3402 213 3457 2
238 3409 269 3460 et
291 3400 414 3473 XVIII,
440 3402 472 3477 3)
495 3401 645 3460 Patricius
676 3422 735 3459 non
765 3403 859 3460 solum
890 3401 999 3461 dicitur
1026 3403 1202 3476 decrevisse,
1233 3403 1317 3464 utsi

194 3508 272 3568 quoa.
297 3488 473 3570 quaestiones
502 3488 534 3548 in
563 3487 617 3548 dcc
646 3487 742 3548 insuia
765 3489 912 3561 amnicis,
942 3489 984 3550 od
1006 3489 1103 3550 sedent
1125 3489 1315 3571 apostolicum

194 3574 358 3657 offerantur
380 3579 444 3654 (lib.
459 3578 534 3652 XX,
560 3579 788 3638 5Wasserschl.
804 3602 832 3658 p.
851 3582 891 3638 73
916 3582 951 3638 cf.
968 3601 1058 3658 supra
1081 3600 1157 3657 quae
1179 3602 1215 3639 ex
1238 3583 1314 3640 libro

159 3723 160 3727 ,
194 3664 306 3741 Angeli
328 3668 518 3745 transscripsi
541 3690 570 3746 p.
588 3669 642 3745 35)
666 3669 717 3727 sed
741 3669 831 3727 etiam
855 3669 1043 3728 constituisse
1065 3670 1183 3729 haecce:
1207 3669 1315 3753 siquis

195 3750 329 3825 sumus,
360 3751 442 3835 cujus
472 3754 573 3838 cupidi
600 3776 657 3816 nori
689 3756 852 3816 mettensi
873 3754 1012 3818 Romano
1034 3778 1129 3831 mmo,
1162 3757 1243 3819 debet
1266 3778 1313 3820 aa·

195 3841 406 3902 communiunt
437 3845 499 3919 (lib.
522 3845 598 3918 LII,
631 3849 658 3904 7.
693 3846 887 3906 Wasserschl.
916 3869 944 3924 p.
970 3848 1056 3924 242).
1102 3847 1221 3907 Pictum
1252 3870 1315 3908 esse

195 3933 321 3991 alterum
349 3933 424 3990 illud
446 3934 558 3993 dictum
581 3936 764 4012 argumentis
788 3934 959 3994 confirmare
983 3956 1057 4015 opus
1080 3957 1140 3995 non
1163 3944 1216 3996 est.
1255 3936 1314 3996 Sed

191 4024 279 4097 juvat
308 4042 534 4082 commemorare
561 4024 826 4084 luculentissimum
849 4031 965 4084 exstare
989 4026 1204 4099 testimonium,
1236 4027 1315 4104 quod

195 4231 337 4286 affirmare
361 4230 492 4285 dissidiae
515 4231 587 4285 illud
611 4234 733 4301 positum
758 4250 819 4287 esse
842 4251 894 4302 pro
919 4233 1006 4288 verbo
1030 4234 1140 4290 dissidii
1158 4239 1187 4289 et
1206 4235 1315 4290 dissidii

195 4302 335 4357 dominum
353 4302 461 4387 dictum
481 4318 541 4356 esse
561 4303 725 4372 episcopum
745 4305 912 4359 Romanum.
