3024 4920
583 200 801 264 ..11..¹

218 377 390 460 Quae'cum
412 386 457 445 ita
479 387 555 459 sint,
591 385 676 445 nobis
706 405 764 443 non
788 405 862 463 opus
885 392 931 444 est
953 385 1043 459 scire,
1078 405 1246 461 aquonam

24 477 26 480 ⁴
129 476 276 553 evangelii
299 475 434 535 doctrina
456 475 488 534 in
511 474 701 534 Britanniam
724 474 816 533 allata
839 475 886 534 sit.
931 474 978 532 De
1010 495 1069 551 qua
1098 495 1146 547 re,
1181 494 1246 532 cum

128 566 208 624 nullo
232 565 317 624 modo
341 565 429 623 fidem
453 564 644 625 christianam
666 569 748 623 recta
763 563 812 622 via
832 564 996 623 exoriente
1012 563 1043 622 in
1058 563 1247 623 Britanniam

128 655 248 713 allatam
276 675 338 714 esse
366 674 466 713 omnes
494 653 694 726 consentiant,
729 653 760 711 in
792 653 865 712 duas
898 653 1060 713 sententias
1091 653 1247 713 discedunt

127 743 186 803 viri
215 742 302 802 docti.
355 742 421 801 Alii
451 742 553 803 Gallos
583 742 743 802 Britcnum
774 742 924 821 apostolos
959 742 1049 801 fnisse
1087 744 1246 815 affimant,

128 852 252 910 quorum
276 832 384 892 ritibus
408 832 621 904 ecclesiasticis,
644 831 792 908 liturgiae,
816 831 992 891 lectionibus
1008 832 1106 904 sacris,
1130 831 1246 908 hymnis

127 922 271 981 secundae
295 921 402 981 aetatis
426 922 564 982 ecclesias
587 921 779 981 Britannicae
802 921 886 994 ritus,
909 920 1074 998 liturgiam,
1097 921 1246 995 lectiones,

128 1012 252 1087 hymnos
283 1011 389 1070 similia
418 1011 509 1072 fuisse
538 1013 604 1070 luce
635 1011 742 1070 clarius
770 1017 815 1070 cst
843 1010 914 1086 (vid.
937 1011 1073 1084 Warren,
1097 1032 1126 1088 p.
1151 1012 1188 1069 61
1217 1017 1247 1070 et

129 1102 208 1159 locos
230 1100 274 1159 ibi
296 1103 558 1175 commemoratos),
590 1101 641 1159 clii
668 1100 748 1178 iique
775 1101 902 1159 minores
931 1120 1052 1158 numero
1075 1100 1246 1160 auctoribus

129 1189 272 1249 Romanis
294 1189 436 1249 Britcnes
459 1190 497 1248 ad
520 1189 711 1249 christianum
741 1189 830 1248 fidem
860 1189 1012 1250 transiisse
1040 1189 1098 1248 sibi
1127 1209 1246 1268 persua·

89 1270 91 1278 ¹
130 1285 232 1338 serunt
259 1279 385 1355 (Sch‘oll,
414 1302 442 1357 p.
467 1281 517 1338 48.
541 1279 692 1356 Haddan),
723 1280 776 1338 alii
804 1279 835 1336 in
861 1279 957 1338 medio
985 1300 1048 1337 rem
1075 1279 1248 1356 relinquunt

129 1368 252 1445 (Bright
272 1389 300 1446 p.
320 1370 359 1444 1).
405 1369 492 1428 Hanc
516 1369 746 1428 controversiam
769 1368 928 1447 disceptari
951 1375 1053 1427 nostra
1075 1388 1179 1445 parum
1202 1369 1245 1425 in-

129 1464 235 1530 terest,
265 1457 422 1516 dummodo
453 1459 604 1517 ecclesiam
626 1458 784 1517 Britcnum
808 1457 1002 1517 orthodoxam
1032 1458 1122 1516 fuisse
1147 1478 1246 1516 conca·

129 1546 225 1605 datur.
270 1546 333 1607 Nec
356 1554 455 1606 tamen
479 1548 624 1607 silendum
648 1568 710 1606 esse
734 1547 840 1626 putavi
863 1549 998 1623 proximo
1026 1567 1103 1605 anno
1128 1547 1246 1606 Warre-

129 1636 225 1707 nium,
257 1636 354 1695 virum
377 1637 592 1709 doctissimum,
624 1638 765 1715 perplura
792 1636 926 1696 attulisse
949 1644 1139 1712 argumenta,
1171 1657 1247 1713 quae

129 1726 364 1802 comprobarent,
387 1725 475 1784 fidem
492 1727 681 1785 christianam
698 1747 733 1784 ex
749 1723 849 1785 Gallia
865 1745 899 1784 ac
922 1725 1040 1803 quidem
1065 1746 1101 1783 cx
1123 1726 1246 1785 urbibus

128 1814 276 1891 Lugduno
299 1821 329 1873 et
352 1814 470 1874 Vienna
493 1816 677 1894 temporibus
699 1814 818 1874 Irenaei
845 1815 876 1873 in
899 1814 1087 1874 Britanniam
1110 1814 1246 1874 transmi-

128 1923 229 1980 grasse
253 1904 392 1978 (Warren
416 1926 444 1982 p.
461 1905 615 1981 46-58).
662 1905 744 1978 Quae
768 1905 915 1963 sententia
938 1925 1003 1962 cum
1027 1925 1063 1962 ex
1084 1904 1192 1964 ritibus
1215 1905 1246 1963 in

128 1992 287 2051 Britannia
308 1992 428 2052 usitatis
450 2014 545 2070 neque
569 2014 679 2067 eorum,
704 1995 754 2071 qui
778 2015 843 2052 cum
867 1993 1061 2052 orientalibus
1082 2001 1248 2071 congruunt

132 2114 169 2126 -
196 2087 315 2140 exstant
342 2082 420 2140 enim
449 2085 524 2142 tales
553 2083 692 2158 (Warren
721 2104 750 2161 p.
776 2083 830 2160 55)
858 2117 895 2125 -
926 2102 1021 2159 neque
1050 2103 1164 2155 eorum,
1196 2084 1248 2159 qui

129 2170 239 2230 similes
262 2179 332 2230 sunt
348 2170 512 2233 Gallicanis
535 2173 690 2232 obscuram
713 2172 862 2249 relinquat
885 2172 1038 2249 originem,
1062 2172 1153 2249 digna
1175 2173 1248 2231 mihi

128 2260 254 2334 videtur,
278 2281 367 2336 quam
390 2262 557 2321 assensione
580 2263 817 2339 comprobemus,
841 2262 991 2338 quamvis,
1015 2282 1090 2338 quae
1114 2262 1150 2320 de
1173 2268 1246 2321 tem·

128 2370 215 2429 pore,
241 2369 298 2427 quo
321 2351 401 2408 facta
424 2338 502 2411 essct
523 2351 576 2410 illa
598 2351 838 2428 transmigratio,
863 2352 1038 2411 Warrenius
1062 2352 1180 2425 attulit,
1204 2352 1247 2410 in-

129 2438 256 2498 certiora
279 2459 342 2498 esse
366 2441 469 2516 negari
492 2460 551 2499 non
566 2441 668 2519 possit.
714 2441 791 2501 Nam
807 2440 879 2516 quid
894 2440 1044 2513 incertius,
1068 2460 1157 2517 quam
1173 2461 1248 2517 quae

128 2529 303 2605 apologetac
318 2529 474 2606 proferunt
489 2530 525 2588 de
542 2531 664 2589 ecclesia
687 2531 903 2589 succrescente!
926 2529 985 2589 Sed
1009 2529 1081 2608 quid
1104 2530 1142 2588 ad
1166 2530 1247 2589 rem?

129 2617 172 2677 Ut
195 2617 255 2676 sint
277 2617 464 2692 incertiores,
489 2639 562 2697 quos
585 2619 735 2692 subduxit,
760 2620 881 2692 calculi,
905 2619 1014 2678 certior
1038 2626 1083 2678 est
1105 2620 1169 2698 ipsa
1193 2640 1247 2692 res,

128 2706 255 2765 certiora
284 2707 336 2765 illa
367 2713 556 2785 argumenta,
588 2728 663 2785 quae
693 2709 805 2768 rituum
835 2715 941 2767 natura
971 2709 1115 2766 nituntur.
1170 2709 1249 2782 Quin

128 2796 217 2854 etiam
240 2796 313 2855 duas
337 2797 410 2856 alias
433 2818 480 2857 res
504 2818 735 2869 commemorem,
759 2797 1002 2873 quaeWarrenio
1025 2796 1104 2854 haud
1127 2797 1187 2855 scio
1210 2817 1248 2856 an

127 2888 269 2960 maJ'orem
291 2885 380 2944 fidem
403 2886 536 2944 afferant.

217 2974 348 3047 Quarum
373 2973 456 3050 prior
479 2980 532 3047 cst,
557 2974 636 3050 quod
658 2968 832 3051 symbolum,
858 2993 916 3051 quo
932 2973 1074 3033 Britones
1088 2975 1119 3033 in
1135 2976 1247 3055 baptis·

18 3098 22 3103 >
128 3063 216 3121 matis
245 3062 408 3121 ministerio
440 3063 560 3122 ineunte
591 3064 705 3123 saeculo
737 3064 841 3140 quinto
872 3064 918 3122 usi
948 3085 1011 3122 esse
1034 3064 1181 3138 videntur,
1205 3101 1248 3110 -

128 3157 271 3228 quantum
295 3151 431 3228 cognosci
453 3158 552 3230 potest
575 3173 612 3211 ex
635 3154 767 3229 symbolo
795 3153 846 3212 illo
868 3155 1038 3231 regularum
1068 3153 1138 3213 fidei
1168 3177 1248 3214 more

128 3249 159 3302 et
181 3247 333 3301 contracto
357 3249 388 3301 et
410 3249 506 3312 aucto,
531 3243 610 3318 quod
634 3249 731 3301 exstat
754 3243 786 3300 in
800 3242 935 3314 Patricii,
951 3244 1153 3302 Hibernorum
1177 3266 1246 3322 apo·

128 3332 211 3405 stoli,
242 3332 362 3391 natione
393 3331 541 3404 Britonis,
574 3331 755 3391 confessione
784 3333 835 3406 (H.
859 3332 918 3390 and
941 3331 986 3391 St.
1009 3333 1051 3404 II,
1077 3334 1095 3389 2
1120 3355 1147 3410 p.
1173 3335 1246 3392 297.

128 3420 227 3492 Hahn,
250 3417 416 3480 Bibliortet
438 3420 491 3481 der
506 3417 651 3500 Symbola.
670 3421 764 3478 1877.
779 3443 808 3499 p.
824 3423 903 3498 268)
920 3457 960 3465 -
978 3428 1008 3480 et
1031 3423 1074 3480 ita
1098 3423 1247 3502 discrepat

129 3529 193 3565 cum
224 3530 258 3567 ea
288 3511 413 3586 symboli
443 3510 598 3588 apostolici
628 3512 740 3581 forma,
771 3531 829 3586 qua
854 3511 982 3570 Romani
1011 3518 1082 3569 tunc
1105 3513 1247 3589 temporis

129 3598 291 3655 utebantur
314 3599 426 3673 (Hahn,
451 3622 479 3677 p.
507 3601 545 3658 13
570 3620 634 3676 sqq.
659 3600 693 3659 cf.
717 3600 868 3673 Harnack,
892 3599 960 3659 Art.
985 3601 1192 3678 Apostolioum
1215 3602 1246 3659 in

128 3685 340 3762 Herzog-Plitt
361 3688 399 3747 R.
422 3688 471 3766 E.)
494 3695 529 3747 ut
551 3689 701 3748 Romanos
723 3689 882 3748 Britcnum
906 3690 1055 3767 apostolos
1078 3690 1167 3749 fuisse
1191 3691 1247 3749 tibi

129 3775 179 3833 vix
195 3775 380 3852 persuadeas,
404 3785 434 3836 et
450 3777 643 3837 orientalibus
664 3778 789 3855 symboli
804 3778 914 3849 formis,
939 3779 1112 3856 quibuscum
1128 3780 1246 3838 Irenaei

129 3865 293 3942 symbolum
317 3866 484 3942 congruisse
508 3873 633 3945 apparat
656 3888 692 3926 ex
714 3867 825 3944 regulis
847 3867 925 3938 fidei,
950 3888 1025 3945 quae
1046 3869 1125 3946 apud
1148 3868 1246 3946 ipsum

128 3954 316 4032 reperiuntur
332 3954 444 4028 (Hahn,
463 3976 491 4033 p.
511 3957 525 4013 1
545 3960 609 4034 sq.),
633 3956 825 4029 similiorem,
849 3977 937 4033 quam
953 3957 1006 4015 ulli
1022 3957 1244 4016 occidentalium

127 4043 328 4120 symbolorum
350 4043 493 4103 formas¹

219 4255 229 4286 ¹
249 4252 326 4309 Proh
346 4253 441 4308 dolor!
474 4258 503 4307 ct
520 4255 608 4322 ipsius
628 4256 751 4309 auctoris
775 4254 969 4309 additamenta
991 4261 1020 4309 et
1043 4256 1192 4310 verborum
1216 4257 1244 4309 in

129 4325 271 4379 codicibus
284 4326 463 4396 corruptelae
480 4325 648 4396 impediunt,
668 4328 816 4399 quominus
836 4328 994 4382 accuratius
1012 4328 1065 4382 hoc
1085 4327 1244 4399 symbolum
