3024 4920
572 240 791 297 -93-

124 443 201 494 esse,
232 422 321 480 immo
344 422 480 499 putabat,
504 439 589 478 suum
613 440 724 478 morem
748 439 811 478 esse
835 418 1011 478 catholicum
1034 436 1130 493 neque
1153 415 1238 473 dubi·

125 513 219 584 tabat,
244 511 315 587 quin
331 510 533 568 Romanorum
556 529 618 567 mos
642 529 708 568 cum
731 528 783 567 suo
807 512 990 585 congrueret.
1026 503 1240 582 (188888181-

124 621 211 660 onem
241 605 399 678 postquam
426 599 532 657 falsam
559 598 710 675 cognovit,
741 597 841 670 tertia,
874 617 949 675 quae
972 601 1083 667 exstat,
1114 593 1240 673 epistola

124 689 163 749 ad
186 688 326 766 Gregorii
348 706 551 760 successorem,
576 685 695 764 quiquis
716 687 775 745 fuit
798 686 979 764 [Bonifatius
1002 685 1071 744 IV?
1094 682 1239 759 Fleming,

124 800 153 856 p.
173 778 243 850 111,
267 784 328 836 881.
345 780 383 854 8),
407 777 496 835 81888
518 776 575 835 hoc
595 796 685 834 unum
710 797 727 834 a
750 794 828 852 papa
851 775 968 852 petivit,
990 781 1025 834 ut
1048 772 1105 832 sibi
1120 772 1248 847 suisque

123 869 226 925 liceret
249 866 376 943 amplius
399 867 557 925 observare
578 864 771 924 traditionem
792 867 938 940 majorum
958 865 1017 941 (ep.
1036 864 1050 920 1
1070 862 1148 920 Bibl.
1164 880 1240 918 max.

124 956 201 1028 ΧΠ,
224 977 253 1033 p.
271 955 313 1012 24
328 955 376 1031 F).
413 955 456 1013 111
478 956 636 1013 observata
659 961 704 1012 881
719 974 796 1012 8888
812 955 901 1012 81188
919 955 991 1026 610,
1014 971 1084 1010 888
1096 949 1241 1010 Columba

124 1046 156 1103 in
187 1045 315 1122 epistula
341 1044 405 1117 illa,
437 1064 525 1121 quam
553 1063 590 1101 ex
612 1043 796 1103 Nannetensi
823 1044 896 1102 urbe
927 1043 965 1102 ad
992 1040 1151 1117 discipulos
1174 1056 1241 1096 8888

124 1133 213 1206 misit,
236 1133 371 1193 hortatus
394 1140 537 1203 8818888,
560 1152 598 1190 ne
620 1133 821 1192 alienarentur
843 1153 861 1191 8
883 1152 937 1191 888
959 1129 1129 1201 traditione,
1153 1145 1241 1203 quam

125 1223 216 1281 etiam
238 1228 309 1281 tunc
333 1222 483 1280 meliorem
503 1220 658 1297 judicabat
674 1223 731 1299 (ep.
749 1222 777 1279 3.
800 1222 880 1281 Bibl.
896 1241 972 1280 max.
987 1219 1064 1292 XII,
1087 1239 1117 1296 p.
1134 1218 1174 1274 27
1191 1215 1241 1291 Β).

125 1311 238 1370 Tamen
260 1311 292 1370 in
307 1311 399 1370 Italia
415 1310 559 1369 Columba
582 1310 701 1369 videtur
723 1330 754 1369 se
777 1312 974 1370 conformasse
998 1309 1161 1369 admoram
1176 1304 1241 1364 uni·

124 1421 227 1461 versae
248 1400 394 1472 ecclesiae,
418 1420 486 1458 nam
502 1400 534 1456 in
549 1399 663 1471 ultima,
688 1420 776 1476 quam
791 1402 942 1472 habemus,
967 1399 1101 1478 epistula,
1125 1417 1162 1454 ex
1177 1395 1243 1472 ipsa

124 1491 216 1549 Italia
239 1489 278 1548 ad
288 1489 474 1548 Bonifatium
486 1488 535 1547 IV
549 1509 658 1566 papam
673 1489 763 1547 missa
775 1492 833 1568 (ep.
847 1490 875 1547 4.
899 1489 978 1547 Bibl.
990 1508 1067 1546 max.
1075 1508 1105 1564 p.
1114 1487 1156 1543 28
1165 1485 1241 1560 sqq.)

125 1579 162 1637 de
191 1579 323 1656 paschali
354 1578 556 1638 controversia
583 1597 642 1634 888
667 1581 729 1653 jam
751 1577 787 1638 fit
808 1577 928 1637 mentio.
973 1577 1086 1636 Eodem
1109 1582 1242 1651 tempore
1273 1651 1277 1658 .

124 1668 156 1726 in
179 1666 280 1726 Gallia
310 1668 470 1745 discipulos
493 1666 655 1727 Columbae
679 1663 836 1726 Scotorum
863 1667 1032 1726 celebrandi
1059 1684 1170 1723 morem
1193 1661 1242 1719 da·

125 1757 257 1834 posuisse
282 1757 490 1834 suspicandum
514 1763 567 1814 est.
612 1755 725 1814 Tamen
748 1757 890 1815 nonnulla
912 1755 1157 1832 relinquebantur
1172 1749 1242 1809 Sco·

126 1850 226 1903 torum
248 1845 377 1923 propria,
402 1865 478 1921 quae
494 1843 589 1903 Gallis
613 1843 767 1903 offensioni
791 1866 852 1905 essa
875 1852 1004 1923 possent.
1043 1844 1109 1916 Quo
1132 1843 1243 1899 188188

126 1938 179 2005 881,
195 1938 229 1991 81
245 1953 321 1992 8888
338 1933 428 1991 81188
445 1933 508 1991 624
525 1932 616 2008 (1181).
628 1933 671 2004 11,
686 1934 739 1993 vit.
751 1934 871 1993 Eustas.
889 1935 938 1992 10.
955 1953 1021 1992 888.
1035 1931 1109 2004 625,
1124 1951 1153 2007 p.
1169 1928 1244 2002 119)

126 2020 298 2098 Agrestius,
328 2021 459 2098 perfidus
489 2028 520 2080 81
549 2021 677 2080 infidelis
705 2022 824 2099 quidam
851 2021 1047 2082 Luxoviensis
1074 2015 1245 2078 monasterii

127 2111 299 2183 monachus,
330 2110 501 2170 1188188188
524 2111 662 2170 abbatem
686 2112 915 2183 Luxoviensam,
944 2110 992 2170 cui
1014 2110 1148 2168 inimicus
1172 2112 1244 2179 erat,

126 2218 226 2257 coram
249 2199 373 2276 synodo,
396 2199 608 2259 1181188888881
630 2200 662 2258 18
684 2200 758 2258 urbe
781 2208 973 2278 congregata,
1003 2198 1149 2278 episcopis
1171 2215 1244 2256 non·

126 2287 216 2346 nullis
244 2288 364 2364 adjutus
387 2289 577 2348 dissensionis
601 2289 639 2347 ab
662 2289 786 2348 ecclesia
810 2290 954 2349 catholica
976 2309 1113 2349 accusare
1136 2292 1245 2366 posset.

128 2375 194 2449 Qua
216 2377 248 2435 in
271 2378 382 2454 synodo
406 2378 443 2436 de
466 2378 549 2438 188118
572 2377 677 2436 diebus
699 2378 887 2456 paschalibus
910 2379 1094 2438 celebrandis
1109 2396 1168 2435 non
1181 2379 1244 2451 jam

127 2466 279 2541 agebatur,
303 2473 333 2525 et
356 2468 474 2540 ceteris,
499 2487 576 2543 quae
597 2467 732 2544 protulit,
752 2466 916 2545 Agroetius
938 2468 1058 2525 minime
1081 2465 1187 2537 effecit,
1209 2469 1245 2522 ut

126 2553 302 2612 discordiam
333 2555 503 2615 concitaret.
548 2555 666 2613 Deinde
696 2577 732 2613 ex
761 2576 796 2613 ec
827 2562 959 2635 tempore
987 2554 1067 2615 Galli
1096 2574 1155 2613 non
1182 2555 1245 2629 jam

126 2643 324 2702 meminerunt
339 2642 514 2702 Oolumbam
537 2650 568 2702 81
587 2643 682 2703 888188
697 2647 761 2718 ejus
776 2646 866 2704 fuisse
880 2646 1053 2724 peregrinos
1068 2651 1100 2703 et
1114 2643 1245 2702 moribus

128 2731 186 2790 sibi
212 2732 285 2810 ipsis
314 2733 437 2792 alienos:
468 2753 536 2791 nam
565 2753 641 2810 quae
667 2733 789 2810 propria
815 2735 934 2794 fuerant
957 2733 1113 2793 Scotorum
1135 2731 1244 2809 partim

127 2821 167 2879 ab
200 2821 272 2908 ipsis
307 2822 441 2898 deposita
471 2829 557 2882 erant
585 2823 697 2898 partim
727 2830 846 2901 recepta
877 2844 895 2881 a
926 2822 1022 2882 Gallis
1057 2823 1153 2882 aliena
1183 2841 1245 2880 esse

126 2909 283 2968 desierant.

217 2997 277 3056 Sed
305 3018 450 3074 quaenam
478 3006 563 3057 erant
589 2999 642 3056 illa
666 2998 820 3057 Scotorum
848 3000 993 3078 propria?
1038 3000 1122 3059 Haec
1148 3000 1245 3060 denuo

127 3085 182 3144 hoc
205 3087 269 3144 loco
294 3087 411 3146 exsistit
431 3087 564 3164 quaestio
580 3087 665 3164 eique
681 3088 838 3147 solvendae
853 3089 949 3149 denuo
966 3109 1086 3168 operam
1102 3094 1245 3149 navanter

129 3194 172 3248 ea,
196 3194 272 3251 quae
295 3195 385 3253 supra
402 3179 465 3252 jam
480 3176 616 3250 diximus,
640 3198 706 3236 cum
722 3178 959 3239 confirmabimus
974 3185 1038 3238 tum
1054 3178 1246 3257 explebimus.
1352 3195 1355 3201 ’

216 3263 382 3342 Praecipua
412 3266 659 3325 controversionis
688 3286 777 3325 causa
807 3267 896 3325 etiam
923 3269 979 3327 hoc
1005 3270 1069 3327 loco
1097 3269 1155 3326 fuit
1177 3267 1246 3326 festi

85 3348 87 3353 ’
127 3352 275 3430 paschalis
298 3355 487 3432 computatio,
511 3354 548 3413 de
572 3375 631 3431 qua
654 3371 720 3413 cum
743 3375 833 3432 supra
856 3356 929 3415 satis
945 3360 1007 3432 jam
1023 3356 1246 3432 disputaverim,

127 3441 159 3498 id
188 3462 279 3500 unum
310 3444 431 3518 addam,
462 3444 542 3521 quod
571 3443 644 3502 haec
674 3444 710 3501 de
737 3445 921 3504 celebrandis
948 3445 1032 3504 festis
1059 3445 1247 3522 paschalibus

128 3529 232 3588 diebus
255 3531 398 3592 dissensio
419 3533 492 3592 adeo
509 3553 603 3612 paene
619 3553 679 3592 una
694 3552 728 3590 ac
743 3534 806 3592 sola
821 3535 1038 3595 controversiae
1054 3555 1143 3594 causa
1158 3534 1247 3593 fuisse

128 3617 260 3691 videtur,
291 3626 325 3679 ut
353 3621 496 3682 Columba
527 3623 558 3680 in
586 3620 721 3700 epistulis
747 3623 808 3682 suis
836 3624 872 3682 de
900 3624 981 3682 nullo
1010 3623 1067 3683 alio
1091 3622 1247 3683 Scotorum

128 3727 209 3765 more
232 3708 325 3766 verba
352 3711 470 3770 faceret.
516 3712 593 3772 Nam
617 3710 728 3771 erravit
750 3711 946 3788 Rettbergius
970 3712 1024 3787 (Π,
1049 3735 1078 3790 p.
1103 3714 1158 3788 37)
1182 3731 1247 3770 cum

128 3796 248 3872 putavit
271 3796 444 3857 Columbam
468 3798 613 3877 Gregorio
643 3818 739 3878 papae
770 3801 859 3860 etiam
887 3803 923 3860 de
946 3800 1101 3860 Scotorum
1125 3807 1247 3860 tonsura

130 3883 289 3960 scripsisse.
327 3886 375 3944 De
390 3887 445 3946 hac
460 3887 495 3945 lit
509 3890 620 3947 mentio
635 3890 667 3947 in
683 3889 794 3965 synodo
809 3890 1029 3962 Matisconensi,
1045 3890 1096 3948 sed
1112 3888 1248 3966 cognosci

128 3993 188 4032 non
211 3980 318 4051 potest,
342 3982 441 4034 utrum
457 3977 618 4053 Agrestius
639 3978 722 4037 illam
746 3999 808 4037 rem
832 3980 887 4037 soli
906 3977 1056 4059 ,religioni
1072 3973 1244 4039 Columbaa“

128 4062 180 4122 sed
196 4058 286 4121 etiam
297 4063 438 4124 Eustasic
455 4066 571 4124 crimini
583 4067 698 4125 dederit
710 4068 775 4142 (vit.
787 4068 905 4127 Eustas.
922 4070 960 4126 12
973 4067 1052 4126 Mab.
1063 4068 1107 4141 H,
1119 4088 1148 4145 p.
1164 4069 1248 4143 120),

127 4152 273 4211 88881888
306 4153 397 4227 8818,
429 4155 547 4231 quando
570 4156 773 4216 Luxovienses
800 4177 910 4216 morem
937 4157 1022 4214 illum
1050 4157 1248 4236 deposuerint.

130 4240 257 4314 Ceteris,
290 4261 365 4319 quae
392 4244 576 4321 proferebat,
607 4245 768 4322 Agrestius
793 4247 904 4322 partim
930 4247 1063 4323 regulam
1087 4246 1248 4306 Columbae

129 4328 319 4406 vituperavit,
342 4332 379 4391 de
402 4352 460 4410 qua
483 4332 561 4391 infra
584 4333 740 4393 dicendum
763 4341 816 4409 881,
839 4335 950 4414 partim
974 4335 1016 4394 nil
1032 4335 1090 4394 nisi
1105 4336 1189 4409 ritus,
1212 4355 1249 4394 ex
