3024 4920
273 1227 475 1316 Bonifatium,
504 1239 682 1302 Germaniae
705 1243 884 1321 apostolum,
912 1241 1086 1321 pontificum
1109 1241 1309 1302 Romanorum

194 1335 341 1412 legatum,
365 1332 566 1411 prohibuisse,
591 1333 746 1409 quominus
769 1333 800 1391 in
824 1331 985 1391 Germania
1008 1333 1128 1393 ecclesia
1152 1333 1309 1393 constitue-

194 1430 286 1496 retur,
309 1443 384 1499 quae
400 1428 516 1481 tantum
532 1422 578 1481 sui
594 1422 698 1481 similis
714 1430 799 1496 esset,
823 1442 859 1481 ne
874 1422 896 1481 ii
912 1423 1030 1499 quidem
1045 1429 1170 1501 possunt
1193 1442 1310 1500 negare,

195 1513 246 1591 qui
266 1515 333 1588 jure
356 1511 507 1570 affirmant
530 1511 681 1570 ecclesiam
708 1512 830 1570 liberam
855 1512 1038 1591 temporibus
1062 1512 1150 1570 medii
1172 1513 1238 1572 aevi
1261 1533 1310 1570 ne·

195 1622 252 1680 que
273 1601 305 1659 in
321 1599 482 1660 Germania
498 1621 592 1681 neque
609 1601 681 1659 alibi
703 1602 833 1679 potuisse
857 1602 1006 1660 exsistere.
1050 1602 1127 1662 Nam
1150 1603 1229 1660 inter
1250 1620 1310 1659 om-

194 1712 246 1750 nes
267 1694 383 1749 constat
398 1690 582 1749 Bonifatium
606 1696 645 1764 et,
668 1691 720 1766 qui
742 1710 815 1768 0000
839 1693 902 1766 ejus
926 1691 1049 1768 excepit,
1074 1690 1213 1750 Carolum
1229 1692 1310 1766 Mag·

194 1801 265 1839 num
287 1780 480 1839 fundamenta
500 1779 606 1854 jecisse
630 1780 768 1839 ecclesiae
791 1781 870 1838 111100
894 1781 1205 1853 romano-catholicae,
1237 1799 1311 1856 quae

194 1890 287 1947 usque
311 1868 348 1926 ad
371 1873 506 1947 tempora
528 1868 655 1927 Lutheri
685 1869 716 1927 in
740 1868 900 1928 Germania
929 1869 1102 1947 perduravit
1131 1871 1311 1927 inconeussa.

195 1960 262 2033 Qua
285 1958 321 2016 de
345 1977 433 2016 causa
449 1959 485 2016 de
500 1957 653 2016 Bonifatio
677 1961 756 2017 recte
779 1978 837 2016 non
858 1958 1035 2034 judicabunt
1059 1959 1124 2032 nisi,
1149 1959 1200 2036 qui
1223 1979 1311 2035 quae·

194 2049 306 2120 sierint,
331 2047 383 2123 qui
405 2047 499 2105 fuerit
520 2047 551 2104 in
568 2044 728 2105 Germania
752 2047 889 2106 ecclesiae
913 2053 1017 2120 status,
1041 2053 1199 2125 antequam
1222 2047 1311 2105 Boni·

196 2137 286 2196 fatius
311 2136 493 2196 adventavit.
539 2135 646 2213 Itaque
671 2157 735 2195 cum
758 2136 790 2195 in
806 2133 967 2196 Germania
991 2144 1060 2196 ante
1075 2137 1260 2197 Bonifatium
1284 2144 1314 2195 et

196 2227 267 2304 ipsis
283 2225 431 2285 Bonifatii
446 2225 630 2304 temporibus
646 2225 749 2285 Scotos
765 2226 963 2304 Britonesque
979 2228 1202 2304 peregrinantes
1225 2247 1313 2286 evan·

196 2316 305 2392 galium
321 2315 506 2392 praedicasse
522 2321 645 2388 constet,
669 2315 713 2389 iis,
738 2336 862 2393 quorum
877 2316 1002 2375 interest
1022 2317 1084 2374 sine
1107 2317 1174 2375 odio
1198 2322 1229 2374 et
1251 2316 1313 2374 sine

197 2403 310 2463 invidia
333 2403 369 2462 110
392 2403 545 2462 Bonifatio
565 2404 708 2479 judicare,
732 2411 800 2464 ante
824 2405 922 2464 omnia
946 2405 1145 2483 quaerendum
1169 2412 1221 2478 est,
1245 2405 1313 2462 Bri-

196 2498 298 2551 tonum
321 2491 536 2570 scotorumque
559 2493 699 2552 ecclesiae
722 2494 823 2571 qualos
850 2495 961 2552 fuerint
989 2515 1101 2566 mores,
1134 2514 1208 2572 quae
1237 2494 1313 2552 ratio

198 2580 336 2640 credendi
358 2587 388 2641 et
411 2581 540 2642 vivendi.

284 2670 360 2728 Flam
382 2671 478 2749 ipsam
501 2672 539 2729 oh
563 2692 678 2730 causam
699 2675 761 2748 jam
777 2671 971 2749 Rettbergius
995 2673 1031 2731 de
1046 2673 1199 2731 Bonifatio
1224 2673 1314 2731 verba

197 2760 329 2819 dicturus
359 2781 454 2838 pauca
484 2761 520 2818 de
552 2761 710 2820 Britonum
747 2763 867 2821 ecclesia
906 2761 1045 2820 disseruit
1076 2757 1336 2841 (Kirchemgcsch.'

196 2844 719 2928 Ι)0010011001101,0.317-324).
764 2850 806 2908 Bt
837 2850 916 2926 quod
946 2856 1018 2908 tunc
1041 2851 1184 2928 temporis
1207 2869 1313 2928 oppor-

195 2943 301 2997 tunum
325 2944 404 3011 erat,
435 2937 523 2995 hodie
546 2939 742 2997 necessarium
767 2959 828 2997 0000
852 2959 936 2998 nemo
959 2939 1124 3015 ignorabit,
1156 2938 1207 3016 qni
1236 2939 1313 2997 forte

196 3027 319 3104 legerit,
351 3047 426 3104 quae
456 3026 610 3086 Ebrardus
639 3029 764 3106 vestigia
795 3049 920 3105 sequens
943 3028 1057 3086 Heberi
1084 3023 1312 3104 (11100001οα00-

198 3112 353 3196 1100100100
379 3110 629 3178 Glcabasteldeo
652 3137 701 3176 010
724 3113 830 3176 Rtan.
856 3121 942 3195 1858)
965 3118 1001 3176 de
1024 3117 1181 3176 Britonum
1211 3115 1313 3175 Scoto-

196 3226 320 3282 rumque
337 3206 504 3266 0001001010
526 3208 620 3266 lucem
643 3207 769 3285 protulit
790 3207 930 3284 (primum
945 3207 976 3264 in
992 3206 1133 3268 Niedneri
1150 3201 1315 3288 Zeitachcift

190 3292 411 3376 1010011101οο
432 3292 530 3357 Theoi.
556 3299 630 3358 1862
654 3304 679 3354 01
703 3298 778 3356 1863
801 3301 831 3355 01
853 3296 949 3354 denuo
973 3295 1004 3352 in
1027 3296 1112 3368 libro,
1137 3295 1188 3372 qui
1210 3295 1314 3353 inscri-

198 3382 279 3440 bitur
301 3378 361 3442 Die
382 3381 591 3446 iroaohottiachc
606 3381 850 3446 Missiomlcirchc.
875 3387 970 3462 1873).
1016 3385 1141 3458 Qualem
1164 3385 1200 3442 de
1224 3383 1314 3465 Boni·

198 3471 272 3527 fatio
295 3471 449 3533 Bbrardus
472 3474 574 3533 tulerit
597 3475 789 3548 sententiam,
813 3474 922 3533 nemini
946 3474 1085 3533 credibile
1109 3474 1166 3532 erit
1189 3473 1245 3531 nisi
1268 3473 1314 3545 iis,

102 3591 107 3615 .
199 3557 251 3635 qui
274 3560 366 3619 oculis
389 3583 463 3638 quae
486 3563 640 3622 Ebrardus
664 3566 704 3641 (p.
722 3563 799 3641 454)
822 3564 941 3642 scripsit
964 3563 1162 3641 inspexerint:
1193 3561 1314 3620 Bonifa-

197 3649 281 3722 tium,
306 3649 391 3725 regni
406 3650 517 3710 Christi
539 3651 699 3727 inimicum,
723 3673 839 3712 servum
855 3654 1051 3726 tenebrarum,
1075 3654 1218 3729 longaevo
1235 3651 1314 3710 vitae

103 3800 105 3809 ,
198 3756 268 3797 0000
291 3744 423 3817 tempore
446 3741 477 3797 in
501 3741 678 3799 destruendo
701 3763 792 3819 regno
816 3743 929 3802 Christi
950 3749 1071 3820 peracto
1095 3742 1200 3800 merito
1223 3741 1314 3798 inter·

198 3828 309 3886 fectum
333 3848 395 3887 esse
419 3849 436 3887 a
459 3829 596 3906 paganis,
620 3829 730 3909 quippe
755 3832 806 3908 qni
828 3831 940 3909 pagani
961 3852 1020 3890 non
1041 3834 1103 3908 jam
1126 3832 1265 3904 fuissent,
1289 3831 1314 3890 si

198 3917 248 3975 ille
271 3938 374 3977 revera
397 3919 513 3992 fuisset,
544 3918 596 3996 qui
618 3919 801 3994 nominatur,
827 3919 1003 3979 Germaniae
1026 3921 1185 3999 apostolus.
1232 3921 1314 3994 Quae

199 4007 362 4081 sententia,
395 4008 451 4067 etsi
474 4028 531 4066 non
554 4028 631 4068 nova
655 4015 701 4068 est
723 4045 766 4053 —
790 4009 1013 4069 Centuriatores
1037 4010 1114 4068 enim
1137 4009 1314 4086 Magdehur·

198 4116 302 4172 gauses
314 4097 408 4157 simile
417 4097 562 4173 judicium
578 4097 710 4157 fecerunt
722 4133 771 4172 —,
786 4104 885 4158 tamen
902 4120 978 4159 nova
994 4098 1117 4157 audacia
1133 4099 1314 4158 abBbrardo

199 4187 316 4260 prolata
339 4193 392 4246 001.
437 4187 634 4247 Nihiloseoius
660 4188 891 4247 commenticiam
914 4208 977 4247 eam
1002 4208 1064 4246 esse
1087 4189 1130 4245 ita
1154 4188 1314 4246 dilucidum

200 4279 254 4345 est,
277 4281 311 4333 ut
334 4276 386 4351 qui
407 4276 506 4353 paullo
529 4283 598 4354 post
621 4276 657 4333 de
680 4277 831 4336 Bonifatio
855 4277 1002 4350 disseruit,
1025 4277 1184 4335 Muellerus
1207 4274 1313 4350 (Boni-

1087 4379 1100 4429 1
