3024 4920
731 216 970 273 -118-

286 395 421 467 fuisscnt,
445 396 517 454 haec
542 401 607 454 tota
630 415 677 452 res
700 394 852 452 commoda
876 414 935 451 non
959 400 1031 454 erat.
1077 394 1153 452 Nam
1177 413 1242 452 cum
1265 393 1311 451 illi
1334 394 1410 471 epis·

287 485 355 563 copi
382 491 446 542 tum
474 484 531 542 huc
554 490 618 542 tum
641 484 711 541 illuc
734 483 933 561 pervenirent,
956 482 1022 540 fieri
1044 484 1157 561 potuit,
1188 489 1222 542 ut
1246 482 1325 540 idem
1348 503 1410 541 mo·

287 573 448 632 nasterium
480 573 566 631 modo
595 573 642 631 vel
670 573 806 650 pluribus
828 577 940 630 tectum
963 574 1132 648 praeberet,
1162 572 1249 630 modo
1273 572 1411 630 omnibus

287 662 428 739 profectis
444 661 540 738 ipsum
556 661 714 739 parochiae
731 661 900 738 episcopum
913 661 953 718 ad
968 662 1138 738 peragenda
1151 682 1233 721 sacra
1246 661 1409 720 ministeria

286 751 416 812 invitare
444 757 578 811 coactum
606 756 683 810 esset
707 751 876 827 (Harttung
898 772 926 828 p.
952 749 1016 827 43).
1063 751 1157 809 Plane
1180 770 1250 810 vero
1274 769 1334 808 non
1356 769 1408 828 po·

287 847 386 899 terant
417 839 490 898 ferri
508 840 564 899 ,illi
594 839 741 917 episcopi,
777 840 953 915 simulatque
987 873 1024 882 -
1058 839 1137 916 quod
1167 840 1199 897 in
1230 840 1407 917 perturbata

216 940 220 946 “
287 929 409 988 ecclesia
438 927 591 987 Gallorum
622 928 759 987 facillime
789 928 852 985 fieri
884 929 983 1006 potuit
1018 958 1055 972 -
1088 936 1174 987 extra
1204 928 1347 987 terminos
1376 928 1408 986 in

280 1018 451 1095 ,privilegiis
481 1018 539 1076 illis
570 1017 746 1076 constitutos
775 1018 885 1094 egressi
914 1017 1075 1094 episcopali
1098 1038 1151 1077 sua
1175 1016 1322 1093 dignitate
1345 1023 1408 1076 ute-

287 1109 405 1166 bantur.
450 1106 635 1179 Accedebat,
661 1107 740 1183 quod
763 1107 840 1166 varii
863 1107 978 1184 generis
1002 1096 1135 1165 homines
1158 1106 1241 1184 vagi,
1265 1106 1353 1165 liberi
1378 1112 1408 1164 et

286 1196 378 1268 servi,
406 1197 556 1256 vernaculi
580 1203 610 1255 et
632 1195 795 1274 peregrini,
824 1202 859 1254 ut
881 1197 962 1254 nullo
987 1196 1106 1272 negotio
1131 1195 1168 1254 ad
1191 1195 1318 1254 honores
1341 1214 1408 1273 per-

279 1285 432 1357 ·venirent,
449 1284 654 1362 episcoporum
670 1285 924 1363 peregrinantium
939 1285 1067 1363 speciem
1079 1284 1243 1344 induebant
1256 1285 1304 1360 (cf.
1317 1285 1410 1343 Hart-

286 1381 362 1451 rung
384 1396 414 1451 r·
439 1373 503 1450 52).
568 1445 570 1451 .

376 1464 459 1520 Haec
475 1464 573 1521 omnia
585 1462 649 1541 ipse
662 1461 807 1521 Columba
819 1462 844 1520 si
857 1469 919 1521 tum
932 1463 1044 1536 fuisset,
1061 1463 1318 1523 vehementissime
1330 1462 1410 1522 vitu·

286 1558 426 1629 perasset.
462 1551 575 1610 Tamen
591 1558 620 1610 et
637 1552 700 1629 ipse
716 1558 747 1610 et
762 1572 863 1610 omnes
876 1550 958 1611 Scoti
973 1552 1205 1628 peregrinantes,
1222 1552 1279 1628 ipsi
1295 1571 1411 1610 summa

285 1640 372 1700 laude
388 1640 480 1717 digni,
503 1640 634 1700 insontes
650 1660 710 1699 non
726 1647 804 1713 sunt,
828 1641 938 1718 quippe
954 1641 1005 1716 qui
1020 1661 1120 1700 omnes
1136 1640 1272 1699 monachi
1287 1641 1409 1714 fuerint,

287 1729 394 1806 quibus
422 1729 454 1787 in
485 1728 549 1806 ipsa
580 1730 819 1808 peregrinatione
846 1730 1058 1806 peregrinandi
1080 1730 1148 1789 finis
1172 1729 1286 1809 positus
1308 1731 1411 1789 fuerit.

286 1819 366 1878 Num
389 1818 494 1876 mirum
519 1824 572 1890 est,
598 1819 677 1895 quod
700 1820 805 1878 talium
831 1820 923 1894 magis
937 1819 1083 1879 intererat
1098 1819 1298 1878 monachicam
1311 1819 1410 1878 vitam

285 1909 317 1966 in
339 1907 430 1967 laicos
453 1928 628 1986 propagare,
652 1928 741 1984 quam
764 1928 882 1967 servare
905 1908 1093 1986 disciplinam
1109 1907 1359 1967 ecclesiasticam?

374 1997 482 2073 Itaque
505 1997 611 2073 negari
633 2017 692 2054 non
716 2004 816 2074 potest
836 1997 1030 2069 Bonifatium,
1054 1998 1100 2057 cui
1125 2018 1191 2056 cum
1215 1997 1409 2075 peregrinan-

285 2085 367 2146 tibus
390 2086 537 2163 episcopis
558 2091 588 2145 et
603 2087 785 2164 presbyteris
800 2105 917 2164 pugnas
932 2086 1023 2146 fuisse
1039 2093 1165 2159 constat,
1190 2086 1408 2164 quodammodo

285 2175 436 2234 obstitisse
460 2173 616 2234 Scotorum
647 2175 677 2233 in
710 2175 873 2234 continenti
903 2176 1084 2236 auctoritati.
1131 2176 1198 2250 Qua
1220 2176 1252 2232 in
1274 2195 1305 2233 re
1328 2175 1406 2234 vitu-

284 2262 434 2341 perandus
457 2267 542 2335 esset,
566 2264 592 2321 si
614 2264 646 2321 in
669 2284 769 2322 omnes
791 2264 955 2341 promiscue
977 2265 1097 2324 clericos
1113 2268 1259 2341 vagantes
1273 2263 1406 2341 graviter

285 2351 493 2423 cousuluisset3
516 2352 568 2410 sed
592 2352 671 2427 quod
694 2352 859 2411 ministeria
883 2353 1082 2413 ecclesiastica
1105 2375 1122 2412 a
1145 2352 1407 2431 peregrinantibus

285 2441 390 2520 peragi
418 2441 527 2512 noluit,
559 2440 616 2499 nisi
639 2442 677 2499 ab
701 2441 752 2514 iis,
784 2441 835 2518 qui
857 2442 905 2500 vel
928 2462 946 2499 a
968 2442 1105 2519 synodali
1128 2449 1275 2503 conventu
1297 2442 1345 2500 vel
1368 2443 1408 2501 ab

284 2529 424 2607 episcopo
452 2530 580 2605 quodam
608 2529 691 2607 digni
714 2539 812 2590 essent
834 2530 961 2604 inventi,
990 2533 1041 2607 qui
1063 2551 1184 2590 munere
1208 2531 1408 2591 ecclesiastico

284 2619 486 2694 fungerentur,
510 2619 577 2693 quis
600 2626 653 2691 est,
678 2619 729 2697 qui
753 2618 869 2678 crimini
893 2620 944 2678 det
957 2620 1133 2680 Bonifatio?
1168 2619 1221 2682 An
1243 2627 1311 2680 erat
1326 2620 1409 2679 aliud

283 2705 447 2769 remedium
470 2706 528 2766 nisi
551 2707 607 2766 hoc
628 2727 734 2780 unum,
762 2715 797 2766 ut
820 2709 929 2784 singuli
952 2710 1193 2783 aestimarentur,
1223 2715 1253 2769 et
1275 2730 1331 2786 pro
1356 2729 1408 2768 sua

284 2796 412 2872 quisque
442 2796 591 2873 dignitate
621 2801 673 2855 aut
704 2796 883 2874 indignitate
913 2804 966 2856 aut
997 2800 1240 2877 comprobaretur
1262 2805 1316 2858 aut
1340 2819 1406 2858 con·

282 2884 497 2946 damnaretur?
543 2884 633 2945 Certo
664 2905 724 2945 non
755 2892 828 2945 erat.
874 2887 951 2947 Nam
982 2906 1047 2946 oum
1079 2887 1234 2947 Scotorum
1266 2888 1407 2947 ecclesiae

284 2994 381 3034 mores
405 2981 436 3034 et
458 2974 598 3034 credendi
620 2974 798 3050 vivendique
821 2975 899 3034 ratio
920 2997 938 3034 a
953 2976 1157 3036 Romanorum
1172 2976 1230 3035 nisi
1244 2977 1408 3036 levioribus

283 3062 402 3121 diversa
431 3083 490 3122 non
520 3069 630 3135 essent,
662 3063 744 3122 Scoti
773 3084 828 3141 pro
859 3065 919 3123 suis
950 3065 1075 3142 quisque
1105 3065 1237 3125 moribus
1264 3066 1407 3143 prodesse

283 3156 447 3228 potuerunt
461 3150 615 3211 Bonifatio
638 3151 670 3209 in
692 3152 891 3230 praedicando
915 3156 1068 3231 evangelio
1092 3155 1258 3213 elaboranti
1281 3162 1335 3214 aut
1356 3156 1409 3213 ob·

283 3259 355 3299 esse.
401 3238 484 3318 Ergo
507 3241 610 3316 quales
633 3246 731 3300 essent
754 3242 874 3319 singuli,
898 3244 1098 3320 quaerendum
1122 3250 1196 3302 arat.

372 3329 440 3388 Hac
470 3330 571 3389 eadem
600 3331 716 3388 ratione
745 3331 833 3389 etiam
860 3332 954 3409 magis
970 3352 1055 3410 ¹opus
1079 3333 1198 3392 eratin
1220 3331 1406 3404 Britonibus,

283 3417 315 3476 in
339 3438 413 3493 quos
435 3419 513 3477 idem
536 3419 721 3491 Bonifatius,
745 3421 803 3479 nisi
826 3421 890 3498 ipse
913 3441 993 3499 papa
1015 3421 1212 3480 recentiorum
1234 3441 1316 3480 more
1338 3418 1407 3478 Bri·

282 3512 369 3566 tones
392 3507 547 3567 nominans
571 3507 675 3566 Sestos
697 3507 832 3586 intellegi
854 3510 963 3582 voluit,
986 3511 1018 3568 in
1034 3509 1195 3569 Germania
1217 3508 1325 3569 incidit
1347 3511 1409 3587 (ep.

283 3594 383 3654 Bonif.
407 3597 447 3654 37
471 3596 561 3670 Jaffe,
590 3596 668 3654 Bibl.
692 3616 748 3654 rer.
774 3596 874 3656 Germ.
897 3597 958 3671 III,
981 3620 1011 3676 p.
1038 3600 1121 3676 103).
1159 3599 1237 3659 Nam
1259 3599 1316 3657 etei
1340 3597 1410 3656 Bri·

281 3688 385 3742 tonum
416 3686 538 3744 ecclesia
569 3685 745 3744 aRomana
775 3687 872 3745 minus
903 3686 1097 3747 dissentiebat
1129 3709 1218 3764 quam
1240 3686 1411 3761 Scotorum,

283 3778 398 3846 tamen,
422 3773 492 3850 quia
515 3773 643 3833 Romani
666 3794 725 3832 una
749 3795 814 3834 cum
839 3775 948 3853 Anglis
972 3777 1046 3835 adeo
1068 3777 1099 3835 in
1122 3776 1283 3836 Britonum
1305 3776 1411 3835 odium

282 3862 449 3935 subierant,
480 3868 514 3921 ut
536 3863 678 3924 Britones
708 3883 767 3923 non
795 3867 889 3923 solum
918 3885 983 3924 cum
1007 3865 1117 3943 Anglis
1145 3866 1197 3925 sed
1224 3865 1315 3924 etiam
1339 3884 1410 3924 cum

281 3949 440 4023 Romanis,
470 3972 508 4011 ne
535 3951 631 4012 dicam
659 3971 724 4011 cum
752 3953 888 4012 omnibus
916 3954 1084 4014 christianis
1106 3953 1410 4014 romano-catbolicia

282 4039 490 4098 commercium
519 4041 628 4100 babere
658 4041 773 4101 nollent
782 4041 803 4115 1,
833 4042 974 4103 Britones
1003 4044 1035 4102 in
1059 4042 1222 4103 Germania
1253 4047 1411 4102 versantes

322 4272 324 4276 ¹
356 4251 366 4281 ¹
385 4248 421 4302 In
434 4250 587 4320 Bajuvaria
599 4251 715 4304 ineunte
735 4251 846 4304 saeculo
860 4255 961 4306 octavo
974 4251 1169 4317 Gorbiniauus‚
1191 4269 1255 4306 cum
1266 4251 1410 4306 leviorem

281 4320 319 4374 ob
344 4338 457 4375 causam
481 4321 574 4375 cidem
591 4338 717 4383 mensae,
743 4322 788 4376 cui
808 4320 988 4377 Grimoaldua
1008 4324 1066 4379 dux
1085 4323 1255 4390 accubabat,
1280 4323 1410 4380 assidere
