3024 4920
646 217 864 277 ..49..

197 400 276 475 Quid
312 401 432 473 mirum,
469 401 548 476 quod
582 400 613 458 in
648 401 724 458 libro
756 398 967 458 Ardmachano
1000 399 1056 457 boc
1090 397 1154 459 loco
1190 399 1316 477 margini

195 490 356 567 ascriptum
381 496 437 548 est:
461 488 606 560 ‚ducemus
621 487 710 550 liber“
726 491 778 565 (H.
795 489 854 547 and
870 488 913 548 St.
929 489 972 561 H,
990 490 1018 561 2,
1034 511 1063 567 p.
1081 490 1144 547 300
1161 496 1223 548 not.
1242 490 1316 567 15)?

196 579 268 656 quid
292 579 407 651 mirum,
432 579 510 655 quod
533 578 607 636 illud
630 597 686 649 „aa
708 599 728 636 a
753 572 887 638 Galliam
909 578 941 636 in
964 578 1063 637 codice
1086 599 1164 639 mon.
1189 577 1233 637 St.
1257 579 1315 638 Ve-

195 668 285 739 dasti‚
319 689 376 744 quo
404 668 568 726 Bollandus
595 688 666 726 usus
695 674 739 726 est
768 669 819 744 (Η.
836 667 895 724 and
911 667 954 725 St.
971 669 989 724 l.
1007 669 1058 742 a),
1082 667 1220 727 omissum
1252 667 1317 726 est?

197 757 311 830 Quodsi
334 757 476 815 nonnulla
498 757 606 816 omissa
629 763 755 815 sunt-
773 777 869 832 neque
892 756 1029 814 dubitare
1052 755 1131 828 licet,
1156 757 1228 834 quin
1251 777 1317 833 per-

196 847 290 904 multa
314 847 420 904 omissa
443 846 517 919 sint,
547 866 615 903 nam
638 846 755 924 saepius
779 846 811 903 in
833 847 910 904 libro
934 843 1143 904 Ardmachano
1166 847 1318 905 invenitur

195 943 243 1005 „et
257 931 389 1015 reliquc“
405 935 457 1010 (H.
470 935 529 993 and
541 933 584 993 st.
601 934 643 1007 H,
661 936 689 1007 2,
706 957 734 1013 p.
749 936 811 992 307
828 942 890 993 not.
904 935 945 991 28
959 939 989 992 et
1003 935 1055 1010 31)
1072 969 1121 1006 —,
1136 934 1206 993 licet
1222 935 1315 1013 suspi-

196 1023 258 1082 cari
281 1023 371 1081 etiam
395 1024 431 1081 de
453 1025 612 1082 itineribus
634 1023 761 1083 Patricii
783 1045 837 1101 per
860 1022 974 1081 Gallias
997 1029 1087 1099 atque
1103 1023 1222 1082 Italiam
1246 1024 1316 1082 olim

195 1113 226 1169 in
250 1113 432 1171 confessione
456 1114 577 1191 planum
601 1134 635 1171 ac
660 1114 771 1172 clarum
794 1113 996 1173 testimonium
1019 1112 1151 1190 potuisse
1181 1112 1316 1171 inveniri.

127 1206 135 1220 ⁰
195 1202 272 1261 Nam
300 1202 394 1260 adhuc
424 1202 511 1260 hodie
540 1203 571 1259 in
599 1202 672 1280 ipsis
699 1202 825 1261 Patricii
853 1202 973 1279 scriptis
1003 1222 1062 1260 non
1085 1202 1205 1274 desunt,
1241 1222 1317 1278 quae

196 1291 392 1368 suspicionem
429 1296 569 1350 moveant
599 1297 749 1349 auctorem
784 1292 815 1349 in
849 1291 941 1350 Italia
975 1292 1067 1351 fuisse
1098 1297 1318 1349 commoratum.

194 1380 312 1453 Nonne,
342 1381 367 1439 si
390 1380 525 1439 audimus
549 1380 714 1438 Patricium
737 1381 897 1439 dicentem:
931 1400 1023 1438 amau
1049 1398 1115 1440 mcc
1142 1378 1247 1459 sampsi
1262 1422 1269 1437 .
1286 1422 1317 1438 ..

193 1466 280 1527 umbo
301 1467 356 1528 ista
372 1469 541 1547 (epistulae)
559 1467 661 1529 wudu
683 1489 719 1528 co
741 1468 888 1529 trudendo
910 1465 1047 1528 militibus
1070 1467 1210 1528 mittendo
1227 1465 1316 1528 Coro·

194 1555 256 1626 tici,
287 1577 344 1616 noca
367 1557 432 1617 daco
456 1555 562 1618 artibus
584 1557 655 1618 meis
678 1567 762 1639 atquc
784 1557 890 1618 nubas
912 1566 1078 1618 sanctorum
1101 1554 1317 1628 Romanorum,

194 1645 245 1705 sed
261 1690 269 1703 .
286 1691 293 1703 .
310 1691 316 1705 .
333 1650 392 1725 (ep.
411 1650 438 1722 1,
453 1668 482 1724 p.
501 1649 577 1724 314)
594 1649 641 1706 vel
664 1648 834 1707 laudantem
858 1647 1098 1706 consuetudinem
1114 1647 1317 1706 Romanorum

195 1737 243 1810 (cf.
275 1739 392 1814 supra),
427 1737 637 1813 suspicandum
673 1744 718 1797 est
752 1738 883 1814 aliquam
913 1757 1044 1813 unquam
1076 1737 1317 1795 consuetudinem

195 1824 286 1882 fuisse
309 1825 442 1883 Patricio
467 1846 532 1904 cum
555 1825 719 1885 Romanis?
742 1826 838 1885 Immo
861 1826 941 1885 haud
964 1827 1023 1884 scio
1049 1847 1087 1884 an
1109 1826 1199 1883 liceat
1222 1825 1316 1902 suspi-

197 1913 258 1970 cari
282 1913 379 1990 ipsum
403 1921 566 1987 auctorem,
595 1915 646 1990 qui
669 1917 787 1993 saepius
812 1937 827 1974 e
850 1915 993 1974 servitute
1017 1915 1176 1972 liberatum
1200 1935 1231 1972 se
1255 1934 1317 1972 esse

196 2001 330 2075 tradidit,
354 2023 372 2060 a
395 2001 490 2061 Gallis
514 2004 561 2063 vel
584 2004 728 2063 Romanis
752 2025 814 2063 esse
837 2005 1031 2080 redemptum.

286 2092 369 2165 Quae
393 2112 459 2150 cum
482 2092 525 2150 ita
548 2092 622 2165 sint,
645 2093 851 2169 gravissimum
877 2113 939 2152 esse
961 2099 1036 2170 puto
1059 2093 1133 2150 illud
1158 2092 1317 2151 Tirechani

196 2182 243 2256 (cf.
264 2201 354 2256 supra
374 2202 403 2258 p.
427 2182 481 2258 37)
505 2182 601 2258 ipsum
632 2182 797 2241 Patricium
832 2182 941 2240 dixisse
977 2181 1007 2239 in
1042 2182 1317 2240 commemoratione

195 2269 329 2328 laborum
360 2290 422 2328 sese
453 2271 608 2346 navigasse
638 2291 692 2349 per
716 2270 846 2330 Galliam
877 2277 968 2347 atquc
995 2270 1117 2329 Italiam
1144 2276 1239 2330 totam
1262 2277 1317 2330 etc.

195 2359 272 2436 Nam
296 2359 362 2434 quis
386 2364 474 2435 neget
502 2360 613 2437 optime
641 2360 788 2436 quadrare
811 2361 903 2420 verba
930 2360 982 2417 illa
1010 2360 1103 2438 ipsius
1127 2361 1317 2419 confessionis

195 2447 381 2506 narrationi?
417 2448 496 2521 Quin
521 2449 611 2507 etiam
634 2445 764 2508 dubium¹
780 2456 826 2510 est
848 2470 886 2508 an
909 2449 999 2508 liceat
1022 2449 1166 2526 suspicari
1190 2469 1224 2507 co
1252 2449 1317 2526 ipso

195 2538 272 2609 loco,
306 2557 363 2613 quo
387 2536 523 2595 vitarum·
539 2539 697 2596 nonnullae
726 2539 927 2597 narrationem
951 2538 987 2596 dc
1010 2538 1167 2598 itineribus
1190 2538 1249 2596 illis
1272 2538 1316 2595 in-

196 2633 300 2684 serunt
322 2627 372 2698 iis,
404 2645 480 2701 quae
503 2645 539 2683 ex
562 2627 744 2685 confessione
768 2633 963 2705 sumpserunt,
988 2627 1057 2684 olim
1080 2627 1111 2685 in
1135 2627 1317 2686 confessione

195 2716 307 2792 scripta
330 2716 420 2773 fuisse
444 2716 534 2774 verba
557 2716 618 2774 illa.
663 2716 740 2776 Nam
764 2737 799 2774 eo
822 2717 886 2794 ipso
910 2717 988 2789 loco,
1012 2736 1070 2792 quo
1098 2723 1237 2774 narratur
1258 2716 1316 2773 Pa·

195 2805 299 2863 tricius
323 2805 464 2864 servitute
488 2805 631 2864 liberatus
656 2806 697 2862 28
723 2806 784 2864 dies
809 2805 925 2864 deserta
948 2806 1013 2862 loca
1036 2824 1223 2882 peragrasse,
1255 2825 1316 2861 om·

195 2893 277 2950 nium
305 2894 438 2952 codicum
461 2894 552 2954 verba
581 2894 707 2966 mendis,
742 2894 855 2951 lacunis
885 2899 914 2951 et
941 2892 1152 2952 additamentis
1169 2898 1316 2970 ‘corrupta

196 3003 258 3040 esse
294 2982 390 3041 videri
426 3002 516 3059 supra
547 2984 611 3055 jam
645 2981 729 3056 quasi
764 2987 990 3059 praetereuntes
1025 2981 1317 3040 commemoravimus

196 3072 237 3148 (p.
255 3070 295 3128 47
313 3071 435 3145 annot).
473 3070 633 3128 Praeterea
656 3090 755 3128 secum
782 3076 902 3148 reputet
928 3072 1088 3129 benevolus
1115 3071 1209 3130 lector
1236 3071 1316 3129 dicta

195 3160 247 3216 illa
270 3158 404 3230 Patricii,
437 3159 543 3234 quibus
567 3158 748 3218 Tirechanus
771 3180 841 3219 usus
864 3166 918 3233 est,
950 3162 1054 3219 saltem
1076 3160 1114 3219 iis
1136 3160 1245 3218 similia
1268 3181 1316 3218 cx-

195 3255 274 3307 stare
297 3248 329 3306 in
345 3247 446 3306 eodem
466 3248 544 3306 libro
560 3247 780 3323 Ardmacbano,
802 3249 834 3306 in
858 3270 915 3324 quo
940 3249 1096 3320 confessio;
1120 3269 1189 3325 ergo
1215 3249 1317 3307 eodem

192 3341 258 3413 jure
286 3343 355 3397 sunt
383 3343 510 3414 utraque
538 3338 642 3410 verba,
675 3339 747 3414 quin
774 3337 864 3396 etiam
892 3338 1076 3396 Tirechanus
1103 3338 1156 3395 illa
1185 3337 1318 3395 Patricio

196 3428 343 3500 attribuit,
368 3428 456 3500 hanc,
481 3426 576 3504 qualis
600 3447 677 3484 nunc
701 3434 812 3500 exstat,
836 3448 853 3484 a
876 3427 1010 3485 Patricio
1034 3426 1231 3504 conscriptam
1254 3446 1317 3486 esse

197 3515 344 3574 affirmare
367 3537 427 3574 non
449 3516 558 3595 potuit.
604 3515 744 3590 Accedit,
768 3516 862 3592 quod,
891 3537 955 3575 cum
979 3514 1103 3574 aFieci
1125 3516 1234 3592 hymno
1258 3535 1316 3574 non

196 3612 275 3661 recte
305 3605 456 3663 intellecto
488 3606 571 3681 origo
596 3626 696 3664 eorum
727 3606 823 3682 repeti
852 3622 911 3663 non
941 3605 1051 3683 possit,
1088 3626 1124 3662 ne
1147 3609 1317 3680 conjectura

197 3692 316 3768 quidem
340 3695 480 3769 augurari
502 3715 667 3773 possumus,
691 3716 742 3754 cur
767 3695 813 3754 vel
841 3716 858 3752 a
886 3714 944 3769 quo
966 3693 1037 3753 ficta
1064 3694 1125 3753 sint
1147 3694 1227 3752 dicta
1255 3695 1316 3751 illa.

196 3781 273 3841 Nam
302 3782 327 3839 si
355 3780 424 3840 ficta
452 3789 562 3855 essent,
592 3792 627 3843 ut
648 3784 782 3843 Patricio
810 3804 876 3841 cum
903 3783 1047 3841 Romanis
1075 3783 1317 3842 consuetudinem

196 3871 286 3928 fuisse
316 3871 568 3945 demonstrarent,
602 3873 693 3949 ipsius
720 3873 834 3930 Romae
866 3873 949 3931 urbis
982 3872 1091 3930 mentio
1123 3873 1204 3930 facta
1231 3876 1316 3930 esset.

196 3960 248 4018 An
272 3960 359 4018 illud:
384 3959 420 4019 de
442 3957 555 4019 saeculo
578 3959 751 4042 requiescetis
766 3961 808 4020 ud
823 3957 1022 4020 Paradisum
1044 3960 1097 4019 deo
1118 3959 1231 4040 protus
1254 3979 1316 4019 aec-

196 4046 284 4108 clesia
306 4043 461 4108 Scotorum
483 4048 574 4108 immo
597 4047 813 4121 Ronmaorurn,
834 4059 867 4108 at
884 4046 1047 4109 Christum·
1069 4048 1110 4107 ita
1132 4058 1164 4108 ut
1187 4046 1319 4109 Romani

196 4137 258 4198 sitis
380 4159 557 4217 propensam
587 4140 785 4217 posteriorum
814 4140 845 4198 in
876 4139 1027 4198 Romanos
1058 4139 1242 4197 voluntatem
1272 4159 1317 4196 re·

197 4230 294 4286 dolere
317 4227 426 4306 putas?
449 4227 496 4286 At
517 4229 590 4286 haec
612 4229 704 4288 verba
727 4249 793 4288 cum
816 4228 965 4305 prioribus
985 4247 1143 4305 perperam
1158 4232 1318 4303 conjuncta

197 4324 279 4392 sunt,
310 4339 378 4376 nam
401 4318 453 4375 illa
476 4315 507 4375 in
529 4317 798 4377 canmemorarioae
825 4313 957 4376 labacrum
981 4318 999 4374 i.
1024 4339 1048 4375 e.
1072 4317 1102 4375 iu
1126 4317 1318 4386 confessione,

1086 4418 1104 4471 4
