3024 4920
660 197 856 270 »2-

197 381 302 475 saac
348 386 429 452 Eae
451 387 684 451 balsamae
706 389 817 450 sicca.
863 388 1053 450 Amorum
1078 392 1161 463 laea,
1184 395 1234 470 70)
1263 391 1321 451 nai

204 485 235 542 in
259 504 318 542 una
342 481 532 541 annotatione
555 481 610 557 (II,
626 504 655 560 p.
674 481 736 539 352
753 484 829 559 sqq.)
852 482 888 540 de
912 481 1049 540 Ebrardo
1072 483 1162 541 verba
1193 502 1252 541 non
1279 481 1320 540 f·

205 572 288 639 cerit,
334 571 393 631 Sed
416 571 520 648 negari
543 591 603 629 non
625 578 725 649 potest
748 571 843 648 ipsum
859 570 1032 629 Muellerum
1055 570 1086 629 in
1109 571 1153 643 iis,
1178 592 1254 648 quaa
1269 573 1320 629 ni·

204 682 254 721 sus
276 660 452 737 Bettbergio
476 660 512 718 de
535 660 693 720 Britonum
716 659 931 737 Scotorumque
955 660 1078 718 ecclesia
1101 660 1227 738 scripsit,
1252 660 1321 719 novi

205 750 363 828 quicquam
379 770 438 809 non
454 749 597 809 attulisse.
643 749 710 807 Hoc
725 749 822 808 minus
844 749 1029 826 probandum
1053 756 1105 823 est,
1129 749 1180 809 sed
1203 749 1321 809 silentio

204 839 367 918 praeterire
382 838 512 904 Bbrardi
535 837 676 916 figmenta
698 837 841 896 Muellero
864 843 969 917 utpote
992 846 1122 912 externo,
1146 839 1263 897 licuisse
1285 838 1321 896 li-

203 929 310 987 benter
333 926 488 1000 confiteer;
518 948 552 986 eo
575 928 669 1005 magis
694 927 831 986 Werneri
853 928 958 986 fuisset
980 927 1011 985 in
1034 948 1085 986 suo
1109 929 1146 987 de
1169 927 1321 987 Bonifatio

203 1018 279 1075 libro
304 1014 501 1097 (Bonffaeics,
524 1016 577 1076 der
598 1012 722 1096 Apostel
744 1015 797 1076 der
819 1011 999 1088 Deutsclicm
1023 1015 1085 1076 aad
1108 1015 1155 1075 die
1177 1013 1320 1076 Borcani-

203 1105 305 1186 sirucp
335 1125 390 1165 coc
420 1101 632 1186 Mittcleuropa.
665 1108 752 1182 1875)
775 1105 905 1164 Bbrardi
935 1105 1113 1165 sententiam
1142 1106 1320 1166 examinare.

204 1194 262 1254 Sed
294 1214 461 1272 quanquam
497 1195 528 1253 in
559 1195 742 1273 praefatione
774 1216 838 1253 eam
869 1196 1029 1272 quaerendi
1066 1195 1227 1268 rationem,
1263 1215 1322 1271 qua

203 1284 356 1343 Ebrardus
372 1284 548 1359 conjecturis
564 1284 652 1343 nimis
668 1283 794 1344 confisus
817 1304 887 1343 usus
911 1293 964 1358 est,
987 1285 1144 1357 recusavit,
1167 1290 1266 1343 tamen
1289 1284 1321 1341 in

203 1373 248 1446 iis,
272 1393 348 1450 quae
371 1380 544 1450 sequuntur,
564 1376 646 1449 justo
669 1373 736 1451 plns
750 1373 887 1432 Bbrardo
902 1372 991 1433 fidem
1006 1374 1111 1433 habuit
1126 1393 1219 1450 eoque
1234 1373 1320 1431 modo

203 1461 284 1520 illius
300 1468 465 1521 commenta
488 1463 519 1520 in
542 1462 637 1539 ipsam
653 1461 800 1521 Bonifatii
814 1463 968 1522 historiam
991 1463 1166 1522 introduxit.
1212 1461 1321 1538 Itaque

202 1550 338 1629 inprimis
361 1551 419 1629 ipsi
442 1551 586 1610 Wernero
610 1551 725 1610 crimini
747 1552 876 1611 dandum
900 1559 959 1626 est,
991 1553 1070 1629 quod
1093 1552 1168 1611 falsa
1191 1550 1321 1611 Ebrardi

204 1640 240 1698 de
263 1638 417 1700 Scotorum
441 1639 658 1717 Britonumque
682 1640 803 1700 ecclesia
832 1641 932 1718 opinio
962 1642 1022 1701 late
1050 1645 1112 1718 jam
1136 1641 1320 1711 diffunditur,

204 1748 300 1805 neque
323 1728 466 1788 silendum
490 1736 535 1790 est
558 1731 648 1790 etiam
664 1731 848 1803 wernerum,
873 1731 983 1809 partim
1007 1732 1045 1790 ab
1060 1730 1197 1790 Ebrardo
1220 1730 1251 1787 in
1275 1749 1318 1786 er-

203 1838 299 1876 rorem
329 1818 482 1877 inductum
512 1820 621 1898 partim
646 1822 729 1895 justa
758 1819 790 1877 in
818 1826 935 1880 nocuae
964 1821 1072 1881 aetatis
1095 1819 1253 1880 catholicos
1275 1818 1320 1876 ira

202 1907 358 1966 incitatum
382 1907 419 1965 de
441 1907 593 1967 Bonifatio
616 1929 652 1968 ex
675 1929 768 1985 aequo
791 1930 850 1967 non
870 1910 1027 1985 judicasse.
1074 1910 1160 1986 Quod
1177 1929 1210 1968 eo
1227 1907 1320 1985 magis

201 1996 361 2073 lugendum
392 2004 451 2070 est,
483 2019 541 2074 quo
571 1999 671 2076 plures
699 1999 810 2058 assensi
832 2005 901 2059 sunt
923 1999 1003 2060 illius
1026 2000 1197 2060 sententiae.
1242 1997 1321 2075 Ipsis

202 2086 280 2143 enim
303 2084 375 2144 viris
397 2086 581 2160 doctissimis,
605 2088 657 2165 qui
679 2088 829 2146 volumina
851 2088 915 2160 illa,
939 2108 1014 2164 quae
1037 2088 1238 2147 inscribuntur
1261 2080 1319 2143 Re-

202 2170 434 2253 claayclopddic
456 2173 513 2255 fulc
533 2172 771 2255 protestantiscbc
802 2172 954 2254 Theologic
984 2174 1047 2234 aad
1069 2170 1181 2233 Kircle
1210 2174 1319 2231 iterum

203 2263 316 2322 edenda
339 2269 456 2336 curant,
481 2263 618 2321 Werneri
646 2263 682 2320 de
704 2263 857 2322 Bonifatio
876 2262 1021 2337 judicium
1045 2263 1167 2339 dignum
1191 2281 1253 2320 esse
1276 2261 1318 2319 vi·

203 2373 267 2412 sum
291 2358 344 2423 est,
369 2352 447 2429 quod
471 2352 684 2428 divulgaretur.

291 2441 373 2514 Quae
402 2461 467 2499 cum
497 2441 541 2501 ita
568 2446 680 2513 essent,
712 2439 922 2499 examinandae
945 2439 1075 2499 Ebrardi
1103 2440 1140 2498 de
1162 2439 1319 2499 Britonum

202 2528 415 2605 Scotorumque
453 2530 576 2589 ecclesia
609 2529 775 2588 sententiae
810 2529 957 2602 laborem,
996 2550 1082 2606 quem
1112 2550 1167 2589 nec
1196 2529 1320 2588 Bussius

202 2613 548 2700 (WinfrideBoaifccice
571 2616 614 2676 ed.
638 2638 663 2675 u.
680 2613 810 2677 Schera.
836 2621 923 2695 1880)
946 2639 1000 2677 nec
1028 2619 1185 2678 Fischerus
1214 2616 1319 2694 (Boui-

193 2704 297 2788 fatiua
315 2708 398 2782 1881)
414 2726 499 2765 suum
519 2706 735 2781 judicaverunt,
758 2706 830 2764 mihi
853 2707 1036 2765 subeundum
1060 2727 1122 2765 esse
1145 2707 1263 2785 putavi,
1287 2727 1320 2763 ac

203 2794 320 2872 quidem
343 2815 401 2853 non
424 2795 480 2867 ita,
505 2802 539 2855 ut
562 2793 712 2854 Oeltorum
737 2795 874 2854 ecclesiae
897 2796 1052 2855 historiam
1075 2814 1172 2853 rerum
1196 2795 1318 2872 scripto·

201 2904 267 2943 rum
290 2904 371 2942 more
393 2904 563 2962 prosequar,
588 2885 639 2944 sed
662 2885 705 2944 ita
728 2884 905 2963 disputabo,
928 2892 964 2945 ut
986 2883 1206 2945 adumbrandae
1229 2883 1319 2943 Boni-

201 2973 268 3031 fatii
282 2972 422 3032 historiae
437 2974 595 3032 inserviam
612 2974 757 3033 diluendis
776 2975 814 3034 iis
836 2975 959 3048 fictitiis,
984 2995 1059 3053 quae
1079 2973 1132 3046 illi,
1155 2974 1202 3031 cui
1217 2979 1319 3032 nostra

203 3081 274 3138 gens
298 3079 458 3137 cognomen
481 3062 622 3122 attribuit
644 3065 777 3141 apostolo
794 3061 980 3136 Germaniae,
1004 3064 1139 3122 umbram
1161 3063 1282 3121 faciunt.

289 3148 397 3227 Itaque
421 3170 486 3208 cum
510 3171 583 3229 opus
608 3152 796 3229 aggrederer,
827 3173 915 3228 aegre
938 3153 1009 3225 tuli,
1041 3152 1120 3229 quod
1142 3173 1202 3210 non
1226 3153 1319 3211 solum

201 3238 281 3316 apud
302 3258 355 3297 nos
371 3237 534 3298 Germanos
557 3261 625 3299 raro
648 3241 684 3298 de
700 3240 859 3299 Britonum
876 3240 1089 3318 Scotorumque
1114 3241 1236 3299 ecclesia
1259 3241 1319 3298 dis-

202 3334 340 3406 putatum
364 3335 423 3401 est,
448 3329 499 3388 sed
522 3330 611 3388 etiam
635 3329 714 3406 quod
740 3364 777 3374 —
804 3329 877 3407 quid
900 3329 1028 3388 mirum?
1055 3365 1092 3374 —
1117 3329 1148 3402 ii,
1173 3329 1224 3406 qui
1247 3329 1319 3388 alibi

150 3469 153 3477 .
201 3424 335 3491 exstant,
363 3418 433 3476 libri
462 3418 494 3476 in
525 3419 702 3477 nostratium
731 3418 919 3494 ignoratione
946 3424 1111 3477 versantur.
1156 3418 1233 3478 Nam
1256 3418 1319 3494 ipse

200 3506 312 3566 Hasius
336 3502 640 3588 (Kirolccqescticlae.
666 3510 709 3566 10.
731 3504 808 3589 Aufl.
834 3510 908 3567 1877
933 3507 951 3584 ξ
977 3509 1044 3584 131)
1067 3507 1211 3565 librorum
1235 3509 1318 3566 obso-

201 3597 327 3654 letorum
344 3603 374 3656 et
388 3594 538 3654 inutilium
553 3596 652 3673 plures
675 3602 838 3669 enumerat,
863 3616 950 3673 quam
974 3596 1179 3655 recentiorum.
1225 3595 1317 3655 Obso-

200 3685 293 3744 letum
317 3690 377 3757 est,
401 3684 480 3760 quod
502 3685 688 3756 Muenterus,
713 3685 758 3743 vir
781 3685 979 3758 doctissimus,
1003 3685 1040 3743 de
1062 3690 1194 3745 veterum
1218 3685 1318 3743 Brito·

200 3794 270 3832 num
294 3773 416 3831 ecclesia
439 3773 577 3832 disseruit
600 3774 631 3831 in
659 3769 758 3832 Theoi.
780 3771 865 3833 Sacc.
888 3795 916 3833 a.
934 3769 1013 3834 Krir.
1032 3777 1115 3846 1833,
1139 3773 1266 3833 obsoleti
1288 3779 1319 3832 et

200 3862 354 3938 Lingardi,
371 3862 526 3939 Lanigani,
543 3861 708 3921 Schroedlii
724 3862 794 3922 libri
810 3864 905 3939 (Hase
921 3863 939 3920 l.
956 3865 1001 3940 c),
1025 3863 1140 3923 inutilis
1156 3870 1255 3923 autem
1272 3869 1317 3922 est

201 3951 325 4023 libellus,
350 3971 436 4027 quem
460 3949 621 4025 Greithius,
645 3951 800 4030 episcopus
824 3951 1032 4029 Sangallensis,
1057 3953 1093 4011 de
1116 3953 1240 4029 antiqua
1262 3951 1318 4009 Hi·

201 4041 359 4098 bernerum
387 4041 508 4099 ecclesia
537 4041 702 4118 composuit
733 4034 912 4117 (Gescbiclite
935 4039 987 4100 der
1009 4037 1175 4100 altiriecbm
1197 4035 1317 4098 Kircde.

202 4124 347 4208 Freiburg
364 4130 461 4205 1867).
508 4128 567 4188 Sed
582 4150 694 4188 summa
710 4130 797 4189 laude
814 4129 959 4188 efferenda
982 4136 1035 4203 est,
1060 4149 1147 4207 quam
1163 4126 1317 4187 Bbrardus

201 4238 259 4275 non
271 4217 352 4294 legit,
369 4216 507 4276 Schoellii
523 4215 773 4278 aecclesiasticae
784 4215 944 4278 Britannus
959 4215 1168 4298 &almumque
1182 4214 1318 4276 trieterica

192 4303 326 4386 festibus
349 4307 517 4366 dissertatio
542 4307 686 4384 (Berolini
710 4314 739 4365 et
761 4307 900 4365 Londini.
926 4305 1027 4385 1851)
1051 4327 1159 4383 eaque,
1183 4305 1317 4383 quamvis
