3024 4920
644 227 862 285 ..29-

195 407 231 466 de
254 413 381 483 utraque
404 406 730 466 ecclesiadisseritur1.
768 407 845 467 Nam
869 406 978 466 similes
1001 412 1071 465 sunt
1093 406 1202 478 multis,
1226 405 1309 466 dissi-

196 498 279 555 miles
302 497 438 576 pluribus
460 497 515 555 hae
539 497 613 554 duae
638 495 784 555 ecclesiae.

283 587 396 645 Eadem
420 591 493 658 erat,
516 591 551 645 ut
575 591 717 663 quantum
740 586 866 646 sciamus
890 621 930 630 -
953 605 1020 644 nam
1044 585 1095 662 qui
1118 585 1209 644 fuerit
1232 585 1311 662 apud

196 675 300 735 Scotos
324 677 586 735 consecrandarum
608 675 794 735 ecclesiarum
810 694 872 734 mos
889 694 1008 751 prorsus
1024 673 1169 733 nescimus
1188 709 1225 718 —
1236 696 1310 733 exa·

196 765 303 823 minem
331 765 434 824 seriem
462 786 560 823 rerum
584 785 673 842 supra
695 764 907 842 expositarum,
939 763 1052 835 eadem,
1084 763 1216 839 inquam,
1248 769 1312 823 erat

195 854 264 913 festi
294 855 441 931 paschalis
471 854 665 931 computatio,
698 854 799 912 eadem
828 861 966 913 tonsurae
989 853 1095 926 forma,
1126 853 1247 925 similes,
1277 860 1312 912 ut

195 947 332 1022 putatur,
364 943 558 1002 ordinationis
588 943 663 1002 ritus
690 979 727 987 —
754 943 806 1002 sed
833 943 885 1001 alii
912 947 998 1002 erant
1019 941 1097 1001 ritus
1120 942 1311 1001 celebrandae

196 1033 400 1105 eucharistiae,
424 1033 499 1091 alius
522 1033 694 1110 baptizandi
717 1053 788 1092 mos.
833 1032 995 1091 Praeterea
1018 1032 1159 1090 nonnulla
1181 1031 1311 1090 invenie·

196 1142 261 1180 mus
290 1120 446 1181 Scotorum
476 1123 608 1200 propria,
640 1142 715 1199 quae
746 1122 826 1200 apud
855 1121 996 1180 Britones
1026 1140 1085 1178 non
1114 1121 1311 1198 reperiuntur.

197 1211 303 1270 Totam
327 1211 414 1284 enim,
437 1219 472 1270 ut
496 1212 591 1271 dicam
616 1211 694 1288 quod
711 1211 895 1288 potissimum
912 1217 965 1282 est,
989 1208 1144 1269 Scotorum
1161 1210 1311 1269 ecclesiam

195 1300 378 1360 inveniemus
398 1301 570 1360 monasterii
585 1301 670 1377 quasi
685 1301 810 1378 speciem
827 1300 1027 1378 praebentem,
1051 1300 1208 1358 monachos
1222 1299 1312 1359 fuisse

195 1389 375 1468 reperiemus
399 1390 552 1468 episcopos
575 1395 605 1450 et
621 1410 721 1449 omnes
736 1411 830 1468 paene
846 1389 1012 1448 sacerdotes
1028 1408 1136 1465 eosque
1152 1409 1252 1447 omnes
1271 1423 1308 1434 -

194 1500 254 1536 non
270 1480 394 1538 exclusis
409 1479 555 1557 episcopis
571 1516 608 1524 -
623 1499 842 1556 nonnumquam
859 1478 994 1538 subditos
1010 1477 1309 1556 abbati-presbytero.

282 1568 333 1628 Nil
356 1569 461 1627 horum
484 1569 564 1646 apud
580 1569 734 1628 Britones:
758 1568 864 1627 famosi
883 1568 929 1626 illi
952 1567 1119 1646 presbyteri
1142 1575 1172 1626 et
1188 1568 1311 1626 abbates

193 1657 225 1715 in
241 1657 399 1716 Britonum
424 1659 545 1718 ecclesia
569 1679 627 1717 non
650 1658 844 1718 inveniuntur
867 1658 915 1733 (cf.
931 1656 971 1716 H.
994 1657 1053 1717 and
1070 1655 1113 1716 St.
1130 1655 1155 1730 I,
1175 1677 1203 1734 p.
1222 1657 1311 1733 143);

194 1747 382 1824 episcopatus
411 1748 536 1806 formam
560 1755 590 1807 et
618 1748 799 1807 hierarchiae
823 1752 934 1807 statum
960 1782 997 1791 —
1024 1753 1147 1824 excepto
1172 1766 1205 1805 eo
1230 1746 1310 1822 quod

195 1836 465 1914 archiepiscopatus
488 1837 615 1914 vestigia
638 1859 697 1897 non
720 1843 880 1896 occurrunt·
894 1871 938 1880 —
954 1836 1013 1895 alia
1035 1836 1125 1895 fuisse
1148 1835 1228 1913 apud
1243 1835 1311 1893 Bri·

195 1932 280 1985 tones
308 1931 398 2001 atque
426 1925 457 1982 in
481 1928 616 1985 omnibus
639 1929 702 2002 ejus
726 1926 833 1985 aetatis
857 1927 986 1985 ecclesiis
1009 1924 1052 1984 nil
1074 1930 1134 1996 est,
1165 1925 1244 2001 quod
1267 1924 1310 1983 in·

196 2015 281 2072 dicet.
314 2014 508 2090 Denique-
526 2015 605 2091 quod
629 2016 787 2073 maximum
811 2020 914 2074 est-
929 2015 1017 2091 longe
1040 2014 1098 2073 alia
1122 2018 1210 2090 atque
1232 2013 1313 2073 inter

195 2103 334 2162 Britones
366 2110 395 2163 et
419 2103 535 2180 Anglos
566 2105 642 2163 ratio
673 2104 877 2163 intercedebat
900 2103 979 2162 inter
1001 2101 1118 2179 Anglos
1146 2109 1176 2162 et
1199 2102 1311 2162 Scotos.

194 2193 271 2254 Nam
287 2193 445 2252 Britonum
467 2214 538 2269 gens
554 2194 744 2252 infestissima
760 2199 825 2252 erat
841 2192 1132 2270 AngloSaxonibus,
1157 2190 1311 2251 Scotorum

195 2288 312 2359 gentem
327 2280 440 2342 autom
453 2279 620 2363 Acptornm
635 2302 747 2363 suaper
762 2281 970 2342 amicissimos
977 2281 1073 2364 fecsse
1088 2287 1217 2341 testatur
1228 2281 1312 2340 Beda

196 2372 236 2447 (h.
259 2393 283 2429 e.
307 2372 336 2445 4,
362 2373 401 2430 26
428 2373 445 2450 ξ
471 2372 556 2450 340).
601 2373 689 2433 Unde
719 2374 830 2433 factum
859 2379 916 2445 est,
946 2378 981 2431 ut
1008 2372 1206 2430 controversia
1233 2371 1312 2431 inter

196 2459 350 2520 Scotorum
381 2466 411 2519 et
434 2460 601 2539 Anglorum
633 2463 770 2522 ecclesias
799 2464 906 2521 acerba
936 2462 986 2520 vix
1017 2467 1093 2521 esset
1121 2467 1152 2520 et
1178 2460 1312 2519 celeriter

196 2556 427 2628 componeretur.

285 2639 343 2699 Sed
367 2660 428 2698 rem
452 2640 546 2718 ipsam
570 2641 786 2717 aggrediamur.

646 2855 858 2862 ..ὼ-.-

443 2991 640 3073 Ecclesiae
668 2989 1068 3075 dihomo-Scotorum

195 3153 319 3214 historia
347 3173 439 3230 usque
467 3153 498 3212 in
521 3154 630 3215 sacculi
652 3155 816 3215 duodecimi
839 3162 973 3235 tempora
996 3157 1103 3215 fabulis
1125 3156 1168 3215 ita
1192 3164 1237 3216 est
1259 3159 1310 3217 ob·

194 3248 324 3316 scurata,
351 3251 387 3302 ut
417 3243 512 3303 adhuc
542 3244 578 3303 de
608 3245 709 3305 multis
733 3247 856 3304 saeculis
879 3247 931 3306 vix
953 3246 1111 3323 quicquam
1135 3247 1209 3305 certi
1231 3247 1310 3305 affir-

194 3335 268 3393 mari
290 3333 394 3412 possit.
432 3331 491 3392 Sed
515 3333 600 3392 nobis
623 3334 659 3392 de
682 3335 737 3393 hoc
760 3340 823 3393 toto
847 3335 989 3413 temporis
1009 3335 1105 3412 spatio
1122 3335 1263 3395 disserere
1279 3335 1311 3394 in

194 3425 291 3482 animo
321 3443 380 3482 non
412 3429 464 3482 est.
511 3423 587 3482 Nam
619 3424 672 3482 etsi
704 3425 922 3484 controversiae
951 3423 1031 3482 illius
1058 3425 1137 3483 inter
1159 3424 1311 3483 ecclesiam

196 3509 372 3571 Scotorum2
404 3518 434 3570 et
463 3511 665 3571 Romanorum
696 3533 764 3572 rara
794 3513 920 3591 vestigia
950 3513 1163 3591 posterioribus
1193 3534 1310 3590 quoque

196 3602 377 3677 temporibus
406 3621 626 3678 nonnumquam
655 3610 826 3677 occurrunt,
857 3608 957 3661 tamen
980 3603 1095 3662 saeculo
1118 3608 1222 3662 octavo
1245 3603 1312 3682 ipsa

272 3772 444 3827 ¹Ebrardus
464 3775 611 3829 Britonum
632 3774 835 3845 Scotorumque
861 3775 994 3829 ecclesias
1017 3776 1088 3829 adeo
1115 3775 1253 3840 confudit,
1280 3781 1312 3830 ut

197 3843 414 3909 columbanum,
441 3844 661 3911 Luxovicnsem,
686 3847 799 3900 natione
819 3846 990 3913 Hibernnrn,
1011 3847 1196 3900 Bancorensis
1215 3864 1309 3900 mona·

196 3916 277 3969 sterii
295 3916 324 3968 in
344 3913 484 3970 Hibernia
502 3918 684 3987 discipulum,
705 3919 854 3971 educatum
874 3934 935 3971 esse
953 3918 1074 3986 fingeret
1093 3919 1122 3970 in
1139 3920 1310 3972 monasterio

197 3987 369 4041 Bancorensi
388 3987 437 4051 „in
455 3988 563 4042 Walee“
582 4007 608 4058 p.
630 3990 671 4043 16.

269 4059 281 4091 ⁹
302 4058 400 4112 Scotor
420 4060 579 4128 appellatos
599 4077 658 4115 esse
678 4064 787 4114 veteres
805 4059 962 4115 Hiberniae
982 4060 1090 4114 insulae
1109 4061 1217 4115 incolas
1236 4062 1311 4114 inter

197 4147 292 4184 omnes
312 4133 422 4184 constat
442 4131 490 4200 (cf.
505 4130 597 4185 Skene
612 4132 635 4197 I,
656 4150 683 4201 p.
699 4132 771 4195 137),
793 4132 843 4186 sed
862 4132 978 4186 dubium
992 4134 1043 4197 est,
1064 4133 1175 4201 quando
1188 4132 1219 4187 hi
1232 4133 1310 4186 Secti

196 4200 398 4272 occupaverint
416 4200 494 4254 illam
514 4203 696 4256 occidentalis
709 4203 850 4256 Albaniae
868 4204 886 4256 i.
902 4221 925 4258 e.
941 4200 1055 4256 Scotiee
1073 4204 1227 4257 hodiernae
1246 4221 1309 4272 par·

197 4281 262 4340 tem,
283 4290 366 4344 quam
385 4277 462 4326 certe
476 4273 569 4326 medio
583 4275 694 4328 saeculo
707 4279 787 4328 sexto
802 4274 977 4328 obtinebant.
1010 4273 1098 4328 Fama
1110 4292 1183 4329 anno
1198 4275 1310 4328 circiter

198 4345 249 4399 500
268 4345 321 4398 hoc
340 4344 445 4398 factum
462 4360 525 4403 ,esse
544 4345 676 4412 perhibet
695 4346 803 4414 (Skene
824 4346 847 4410 I,
868 4364 896 4415 p.
918 4346 969 4400 139
988 4348 1051 4415 sq.).
