3024 4920
647 211 869 269 ..41-

199 395 229 448 11
252 388 290 446 ad
312 387 424 447 insulas
447 387 538 447 maris
560 387 707 464 Tyrrheni
736 390 869 466 profecto
900 389 1125 465 (cf.Windiach,
1148 412 1176 468 p.
1196 394 1235 450 10
1252 396 1317 470 sq).

200 480 282 553 Quae
304 477 452 536 sententia
468 477 493 536 si
507 498 579 537 vera
596 483 680 550 esset,
704 477 787 536 Fieri
802 478 928 554 hymnus
945 478 1103 538 Tirechani
1118 486 1216 540 aetate
1231 483 1318 559 longe

198 567 344 626 vetustior
374 572 452 625 esset
482 566 649 640 habendus,
681 587 777 644 neque
808 569 954 644 quomodo
984 569 1102 627 fabulae
1132 571 1169 628 de
1192 569 1318 630 Patricii

198 656 305 714 itinere
334 655 469 714 Romano
499 660 582 714 ortae
613 663 723 729 essent,
755 657 881 734 amplius
912 658 1068 716 obscurum
1098 664 1177 717 esset
1205 695 1249 704 —
1281 660 1318 719 iis

198 745 349 818 videlicet,
385 745 435 820 qui
468 765 486 802 a
515 745 613 804 verbis
643 767 703 803 non
733 752 813 804 recte
842 745 1002 806 intellectis
1033 748 1151 806 fabulae
1182 749 1318 808 omnibns

197 834 367 912 passeribus
392 839 480 891 notae
504 834 647 911 originem
670 835 766 911 repeti
788 854 874 913 posse
897 840 1012 912 putent.
1059 835 1118 895 Sed
1140 837 1210 896 licet
1233 838 1331 896 dubi--

198 929 271 996 tare,
296 942 394 981 annon
417 923 603 998 grammatici
625 923 725 981 illi-
744 931 779 982 ut
801 930 916 983 taceam
940 925 976 983 de
991 925 1178 985 Bollandista
1197 962 1234 969 —
1252 948 1317 986 ver-

197 1013 302 1070 borum
332 1013 492 1069 formarum
524 1018 555 1071 et
584 1019 751 1071 structurae
782 1013 954 1089 diligentius
982 1014 1128 1072 rationem
1151 1015 1318 1089 habuerint,

199 1121 288 1178 quam
319 1101 556 1159 testimoniorum
586 1101 728 1161 historiae
755 1102 892 1180 inprimis
920 1103 990 1160 libri
1013 1102 1226 1162 Ardmachani.
1272 1105 1318 1165 Ne

198 1196 296 1248 autem
312 1190 375 1249 vice
399 1211 483 1248 versa
505 1190 661 1249 historicos
684 1191 841 1250 verborum
865 1193 975 1250 formas
991 1193 1154 1269 neglexisse
1170 1193 1318 1270 quispiam

198 1278 289 1351 dicat,
319 1279 460 1356 primum,
492 1299 562 1336 num
590 1280 782 1356 grammatica
811 1301 858 1339 ars
887 1281 961 1339 certi
988 1282 1102 1358 aliquid
1124 1282 1161 1340 de
1184 1283 1318 1341 versibus

199 1367 259 1427 illis
281 1368 449 1446 protulerit,
474 1387 657 1444 quaeramus.
695 1370 763 1430 Non
785 1370 920 1447 protulit.
958 1371 1035 1431 Nam
1058 1391 1117 1429 non
1140 1371 1318 1431 1011111810-

196 1457 304 1529 1111111,
328 1456 374 1515 vir
389 1456 561 1516 Hibernicis
584 1458 692 1517 litteris
715 1464 835 1535 praeter
858 1466 971 1518 ceteros
991 1458 1077 1518 docte
1093 1460 1235 1534 eruditus,
1258 1481 1318 1518 una

198 1566 263 1604 cum
286 1550 387 1604 vetere
410 1545 547 1605 carminis
572 1546 752 1624 explicatore
776 1549 825 1622 (cf.
849 1547 1013 1621 Windisch,
1036 1549 1077 1606 Ir.
1095 1549 1190 1608 Texte
1212 1570 1240 1626 p.
1265 1551 1317 1626 19)

196 1635 228 1692 in
251 1634 339 1693 aliam
360 1635 537 1694 sententiam
553 1636 667 1712 accepit
683 1637 821 1695 carminis
836 1657 947 1709 versus,
970 1642 1005 1696 ut
1020 1637 1087 1714 ipsi,
1112 1640 1213 1714 quales
1228 1659 1318 1716 supra

196 1730 315 1782 exstant
345 1724 478 1783 conversi
509 1726 547 1783 ab
576 1725 641 1797 1110,
673 1725 890 1798 (111101111111,
921 1726 972 1785 sed
995 1726 1084 1785 etiam
1107 1728 1317 1800 Windisehins,

196 1811 719 1873 8101111011111111111111110111111
740 1821 771 1874 11
794 1814 896 1872 eadem
918 1816 1004 1874 laude
1027 1816 1191 1890 sociandus,
1216 1837 1316 1893 quarn·

195 1901 241 1961 vis
264 1901 327 1979 ipse
349 1901 459 1959 Leonis
479 1902 720 1979 interpretationi
743 1905 851 1976 faveat,
875 1911 974 1963 tamen
998 1906 1121 1963 alteram
1144 1906 1226 1963 illam
1242 1926 1317 1964 com-

196 1989 278 2048 muni
301 1990 460 2048 verborum
483 1991 558 2048 mori
580 2011 746 2068 repugnare
763 2013 799 2050 ne
815 2012 874 2050 uno
891 1993 1117 2069 quidemverho
1135 1994 1242 2066 docuit,
1267 1995 1318 2053 sed

196 2080 269 2137 duas
293 2079 366 2137 alias
389 2079 492 2138 attulit
516 2100 627 2152 causas,
651 2101 739 2139 unam
754 2081 982 2158 geographicam
998 2083 1121 2140 alteram
1137 2083 1317 2156 historicam,

196 2188 285 2246 quae,
309 2168 365 2227 etsi
388 2168 462 2227 levis
486 2175 530 2228 est
553 2176 673 2242 neutra,
705 2175 802 2230 tamen
824 2191 886 2228 rem
909 2171 1077 2248 disceptare
1101 2193 1161 2230 non
1183 2180 1316 2249 possunt.

285 2258 396 2317 Levius
425 2264 470 2317 est
498 2265 706 2335 argumentum
734 2259 808 2317 illud
839 2260 1083 2337 geographicum,
1119 2261 1198 2336 quod
1228 2262 1316 2320 mira·

196 2347 286 2406 bilius
309 2346 420 2405 dictum
445 2355 523 2407 esset
545 2348 667 2406 Latium
690 2349 884 2407 meridionale
911 2370 965 2427 pro
993 2350 1067 2408 urbe
1089 2349 1194 2408 Roma.
1240 2352 1317 2412 Nam

198 2436 263 2512 quis
288 2436 364 2495 dixit
387 2436 461 2493 illud
476 2436 598 2494 Latium
621 2437 814 2496 meridionale
837 2437 1069 2515 intellegendum
1092 2459 1155 2498 esse
1170 2439 1317 2498 Romam?

196 2524 291 2583 Immo
315 2545 370 2602 pro
395 2524 610 2597 ,,Ι11111,1011“
634 2526 746 2586 dictum
770 2532 823 2585 est.
871 2527 957 2600 Quod
979 2528 1075 2604 ipsum
1099 2527 1317 2587 Windisehium

197 2633 255 2672 non
282 2614 418 2691 fugisset,
454 2614 511 2673 nisi
540 2616 676 2691 neglecto
708 2616 785 2674 libro
815 2613 1026 2675 Ardmachano
1058 2617 1187 2675 solarum
1217 2624 1315 2695 poste·

195 2703 305 2761 riorum
329 2703 457 2762 vitarum
481 2704 617 2781 inprimis
639 2705 768 2764 Jocelini
790 2704 936 2763 rationem
959 2705 1119 2764 habuisset.

285 2791 414 2852 Gravius
443 2799 488 2852 est
516 2795 643 2853 alterum
669 2794 744 2852 illud
773 2793 960 2867 historicum,
996 2794 1076 2869 quod
1099 2815 1116 2852 1
1139 2795 1228 2853 nullis
1251 2795 1317 2854 aliis

195 2882 253 2940 nisi
283 2882 320 2940 ab
351 2882 400 2954 iis,
431 2883 483 2956 qui
505 2881 589 2940 Fieci
618 2883 746 2940 carmine
770 2882 920 2954 nituntur,
956 2888 1129 2941 narraretur
1146 2882 1317 2941 >Patricium

174 2960 226 3028 'in
256 2970 360 3029 insulis
395 2970 484 3027 maris
520 2968 667 3045 Tyrrheni
703 2969 845 3028 Germani
883 2971 1094 3029 consuetudine
1128 2992 1213 3031 usum
1232 2992 1316 3031 ¹esse.

196 3059 310 3116 Tamen
333 3058 388 3116 hoc
412 3065 618 3133 argumentum
642 3059 779 3117 idoneum
803 3080 863 3117 non
887 3066 946 3133 est,
978 3061 1057 3136 quod
1080 3081 1141 3118 rem
1165 3061 1316 3138 dijudicet.

199 3147 278 3221 Quid
302 3147 400 3205 enim?
423 3147 447 3205 si
470 3153 559 3224 podta
583 3148 656 3206 duas
680 3148 874 3222 narrationes,
897 3169 984 3208 unam
1009 3149 1134 3209 similem
1158 3150 1316 3209 Tirechani

195 3237 346 3296 narrantis
368 3235 532 3295 Patricium
556 3237 587 3295 in
609 3257 669 3295 una
692 3259 728 3295 ex
750 3237 857 3300 insulis
880 3239 969 3296 maris
993 3238 1141 3315 Tyrrheni
1166 3241 1316 3299 somnos

195 3333 405 3385 commoratum
430 3346 491 3385 esse
516 3326 656 3402 (Betham
676 3326 711 3383 Π
728 3347 795 3405 app.
819 3349 848 3405 p.
868 3326 965 3404 XIX)
989 3334 1020 3386 et
1042 3329 1166 3386 alteram
1190 3329 1316 3387 similem

195 3435 295 3473 eorum
318 3416 436 3488 fabulis,
462 3415 513 3491 qui
536 3415 701 3474 Patricium
727 3417 767 3473 30
793 3436 884 3474 annos
908 3436 974 3474 cum
998 3414 1147 3474 Germano
1171 3418 1261 3476 fuisse
1284 3419 1316 3476 in

196 3502 295 3562 Gallia
319 3505 373 3581 (ita
396 3504 480 3581 Oolg.
503 3503 550 3577 ΙΙ,
583 3505 617 3563 11.
642 3504 771 3577 Schoell,
803 3505 924 3582 Herzog
946 3505 984 3563 R.
1008 3505 1043 3563 Ε.
1071 3507 1119 3577 ll,
1143 3527 1171 3583 p.
1197 3508 1259 3564 207
1285 3513 1316 3566 et

165 3658 168 3663 .
195 3593 319 3650 fortasse
346 3597 407 3668 jam
438 3593 574 3652 Muirchu
605 3596 640 3652 cf.
668 3593 796 3652 Bothum
819 3594 854 3651 II
878 3614 945 3672 app.
968 3617 997 3672 p.
1021 3594 1120 3654 XVII
1143 3616 1209 3654 cum
1231 3618 1260 3674 p.
1284 3595 1315 3672 Ι)

194 3681 338 3753 referunt,
368 3683 412 3740 111
440 3683 606 3758 conjunxit,
639 3689 674 3742 ut
703 3683 832 3742 medium
856 3683 997 3759 quiddam
1021 3690 1121 3743 tenere
1144 3685 1314 3745 videretur?

194 3769 302 3845 Itaque
325 3770 367 3827 nil
391 3772 502 3843 obstat,
526 3772 682 3847 quominus
706 3772 772 3831 aliis
795 3772 890 3832 causis
913 3773 1008 3848 iisque
1031 3773 1214 3850 gravissimis
1237 3794 1314 3832 com·

194 3859 268 3918 moti
289 3858 468 3932 Windisehii
494 3860 771 3938 interpretationem
795 3861 972 3937 reJiciamus

283 3948 365 4006 Luce
389 3947 466 4006 enim
490 3950 597 4008 clarius
621 3957 666 4009 est
688 3955 822 4028 poetam,
847 3971 913 4009 cum
937 3950 1049 4010 diceret
1072 3972 1119 4025 ea,
1153 3972 1228 4028 quae
1251 3951 1315 4029 ipse

194 4038 230 4095 de
253 4036 379 4095 Patricii
401 4037 559 4099 itineribus
582 4040 778 4113 narravisset,
803 4040 905 4098 eadem
928 4059 1005 4112 1111,
1030 4061 1106 4117 quae
1130 4040 1241 4119 scripta
1265 4042 1314 4099 de·

194 4129 344 4185 clararent
367 4126 439 4202 (vid.
463 4131 579 4205 supra),
614 4149 790 4207 provocasse
814 4128 851 4186 ad
875 4128 976 4186 eadem
1000 4129 1065 4206 ipsa
1088 4129 1200 4207 scripta
1223 4136 1314 4207 atque

195 4215 392 4274 Tirechanum
414 4217 512 4276 verbis
535 4217 595 4276 illis
618 4238 708 4296 supra
727 4221 790 4294 jem
814 4218 1048 4277 commemoratis
1071 4217 1163 4278 hisce:
1194 4218 1312 4299 111191-

193 4303 232 4362 oit
327 4325 385 4387 per
410 4299 524 4366 (1111111
547 4314 631 4387 etque
659 4303 779 4366 11111111
806 4314 898 4366 totam
924 4316 1009 4388 utque
1035 4305 1067 4366 111
1092 4305 1209 4377 ineolis,
1240 4326 1314 4386 quac
