3024 4920
696 168 935 225 -100-

254 355 302 405 me
332 346 469 422 neglecta
496 345 625 403 Ebrardi
654 344 855 404 admonitione
877 348 918 424 (p.
944 346 1022 421 206)
1043 345 1192 420 judicare:
1214 345 1380 406 absurdum

257 455 319 495 esse
343 441 450 512 putere
473 436 631 493 monachos
652 454 784 511 unquam
800 436 848 494 rel
863 453 996 511 usquam
1020 435 1051 492 in
1075 435 1198 493 ecclesia
1221 434 1331 494 vixisse
1346 435 1381 492 in

254 523 396 601 legitimis
412 524 617 582 matrimoniis.
644 523 800 584 Scotorum
813 544 886 583 vero
903 524 1061 581 monachos
1074 523 1258 600 virginitatis
1274 529 1382 583 votum

256 613 417 690 suscepisse
440 612 527 671 testis
547 615 609 689 jam
633 620 679 672 est
705 646 742 655 -
769 613 841 671 mihi
866 611 986 689 quidem
1016 632 1070 671 nec
1099 613 1196 671 minus
1219 613 1278 690 ipsi
1301 612 1379 671 Loe-

254 701 357 779 ningio
382 701 437 776 (ΙΙ,
460 722 490 778 p.
515 702 593 777 426)
618 737 659 746 -
684 701 847 760 Columbae
874 702 995 778 regulae
1026 708 1117 778 caput
1140 700 1187 761 VI
1210 700 1269 772 „de
1291 699 1380 760 casti·

256 797 344 861 raum,
368 810 436 847 nam
460 791 558 849 verbis
581 791 641 849 illis
664 789 758 871 ‚qnid
785 789 906 869 prodest
936 788 1018 869 sirpo
1049 808 1184 868 corpore,
1215 788 1321 848 sinon
1343 788 1381 848 ait

256 877 338 959 oirpo
361 885 475 937 meute“
499 879 591 953 (Bibl.
614 892 691 938 man.
714 879 796 951 XII,
818 901 847 957 p.
866 879 905 956 λ4)
928 877 1076 937 Columba
1103 896 1173 938 usus
1201 899 1261 937 nun
1286 888 1379 951 esset,

256 968 313 1026 nisi
337 974 486 1045 sperasset
508 988 608 1027 omnes
632 985 699 1027 suos
723 969 881 1028 monachos
909 985 972 1026 esse
999 965 1123 1047 carpinus
1151 985 1280 1046 corpore.
1320 966 1380 1027 Se·-

257 1057 353 1116 cunda
382 1055 469 1116 testis
499 1063 544 1115 est
566 1074 680 1116 summe
710 1057 764 1116 illa
794 1057 973 1128 auctoritas,
1004 1076 1063 1133 que
1085 1053 1130 1115 St.
1153 1057 1381 1132 Hieronymum,

256 1145 440 1224 virginitatis
462 1165 645 1222 praeconem,
670 1145 751 1224 apud
774 1145 878 1205 Scotos
901 1145 1030 1222 viguisse
1053 1164 1144 1223 supra
1163 1147 1227 1221 jam
1250 1145 1383 1214 vidimus

104 1274 107 1281 ,
207 1271 227 1275 =·
257 1235 306 1311 (cl.
330 1254 421 1310 supra
443 1254 472 1311 p.
491 1235 555 1310 94),
578 1235 669 1294 tertia
685 1235 813 1311 denique
836 1235 921 1294 testis
937 1239 1002 1293 tota
1018 1233 1073 1292 Sti.
1090 1233 1251 1293 Columbae
1274 1233 1382 1311 religio

256 1325 305 1384 rel
320 1323 478 1399 theologie,
509 1323 609 1387 Unum
633 1322 761 1384 sufficiet
783 1323 996 1383 testimouium.
1027 1322 1172 1382 Columba
1195 1323 1282 1395 enirn,
1297 1331 1381 1400 post·

258 1432 347 1489 quam
372 1411 449 1470 dixit
472 1413 530 1489 (ep.
556 1413 584 1483 2,
608 1434 636 1491 p.
662 1414 702 1471 26
728 1413 768 1488 B)
792 1418 929 1489 oportere
952 1431 1006 1470 nos
1024 1432 1092 1470 esee
1115 1419 1221 1484 castbs,
1245 1410 1381 1485 humiles,

257 1500 420 1578 placabiles
442 1499 519 1559 sicut
541 1502 682 1579 parvulos
705 1500 779 1573 „aed
801 1499 952 1582 complere,
974 1500 1080 1577 inquit,
1104 1497 1174 1559 baec
1197 1499 1296 1560 ornaris
1314 1520 1380 1559 mu·

257 1586 338 1649 lieres
361 1607 447 1670 saepe
469 1587 595 1650 uideam
619 1599 644 1648 et
667 1588 745 1650 eirca
766 1588 872 1649 mundi
885 1586 1042 1670 facultates
1064 1587 1181 1668 caepim
1203 1587 1331 1648 maanus
1354 1596 1383 1647 et

257 1677 410 1738 ocreatus
434 1675 604 1760 difficillime
620 1688 754 1757 possunt.
787 1677 903 1739 Idcirco
918 1677 1012 1738 uestri
1028 1675 1120 1738 semel
1142 1677 1253 1738 mundo
1275 1696 1380 1736 renun-

257 1765 363 1826 emmer
378 1809 385 1825 .
403 1810 410 1824 .
427 1810 433 1824 .
450 1809 457 1823 .
465 1764 590 1846 facilius
611 1767 716 1838 audes,
737 1787 831 1848 quam
857 1765 959 1827 dicimo
985 1775 1147 1828 semnoa'em
1169 1764 1282 1826 destini
1289 1784 1383 1846 pocae

256 1853 400 1935 complere
422 1853 603 1915 arbiramur
619 1901 625 1914 .
642 1876 665 1925 .,·
686 1854 785 1937 infans
808 1854 884 1915 eam
906 1853 1023 1915 Ιιιιιιιὶἰιζι
1046 1864 1099 1925 est,
1117 1863 1181 1914 'non
1204 1851 1298 1914 besue
1320 1872 1381 1914 me·

256 1943 348 2015 minii,
370 1963 429 2003 ιιοιι
451 1942 603 2005 mulierem
626 1943 726 2004 uidem
748 1943 922 2026 concupiscet
938 1988 945 2003 .
963 1989 969 2002 .
987 1987 993 2002 .
1009 1987 1017 2002 .
1032 1943 1101 2003 iada
1121 1941 1164 2003 St.
1180 1940 1384 2026 Hebronyorus

256 2031 325 2092 lacer
348 2031 438 2092 soleae
454 2030 544 2113 jussit
566 2033 713 2114 episcopos
735 2033 849 2094 imber-i
869 2030 1014 2114 apostolos
1026 2029 1185 2093 'morracbm
1201 2051 1267 2093 cero
1282 2030 1382 2092 docuit

255 2120 336 2202 aequi
350 2129 455 2202 patrea
472 2121 628 2203 perfectos.
658 2124 814 2183 Perfectus
829 2143 900 2200 ergo
918 2123 997 2182 solus
1013 2122 1183 2194 monachus,
1195 2140 1262 2181 non
1278 2141 1383 2181 omnes

257 2220 312 2299 per
313 2210 406 2268 tectos
419 2229 485 2268 esee
506 2217 634 2288 oportet.
666 2212 846 2272 Voluntaria
861 2219 960 2271 autem
984 2211 1037 2270 illa
1054 2211 1241 2288 perfectione
1255 2210 1383 2288 uirgini·

255 2305 348 2359 tetem
373 2298 519 2357 contineri
542 2320 628 2358 nemo
652 2320 783 2376 unquam
807 2307 941 2360 veterum
963 2320 1023 2358 non
1046 2299 1180 2377 putarit,
1205 2298 1383 2359 Columbam

257 2407 327 2448 vero
344 2388 375 2445 in
392 2387 493 2446 eedem
509 2389 659 2448 sententia
674 2389 777 2448 fuisse
780 2408 814 2447 eo
830 2387 976 2447 meliore
964 2391 1078 2465 Juref
1047 2387 1193 2447 affirmare
1214 2408 1384 2467 possumus,

256 2495 315 2553 quo
337 2477 524 2552 planioribus
541 2478 638 2537 verbis
654 2479 754 2536 hauc
746 2493 842 2557 ipsam
857 2497 920 2536 rem
942 2479 1080 2555 exposuit
1095 2475 1256 2536 Aileranus
1272 2476 1384 2537 Scotus

256 2564 376 2643 abipso
392 2565 530 2624 Ebrardo
546 2567 646 2643 magni
661 2567 843 2640 aestimatus,
867 2567 920 2644 qui
935 2565 1097 2625 Columbae
1118 2566 1179 2624 fere
1190 2565 1385 2644 'temporibus

256 2653 288 2712 in
301 2654 479 2712 monasterio
492 2653 688 2714 Clonardensi
705 2656 735 2713 in
748 2656 895 2714 Hibernia
907 2654 1016 2715 vixisse
1033 2661 1159 2734 putatur
1171 2656 1220 2731 (cf.
1232 2653 1385 2732 Fleming,

257 2741 332 2802 Coll.
347 2764 375 2820 p.
395 2743 480 2819 183).
517 2743 548 2801 Is
571 2744 650 2802 enim
672 2744 704 2802 in
718 2744 967 2822 interpretatione
982 2743 1302 2821 genealogiaeChristi
1319 2745 1382 2802 sub

257 2851 329 2892 noce
353 2831 525 2891 Aminedeb
548 2832 699 2910 (Fleming
718 2833 788 2905 189,
812 2832 892 2892 Bibl.
915 2852 992 2891 max.
1007 2832 1085 2904 ΧΗ,
1108 2854 1137 2910 p.
1154 2833 1269 2908 40·D):
1284 2847 1380 2913 epen-

256 2929 366 2990 raneos,
396 2920 507 2996 inquit,
530 2917 657 2981 Domini
678 2922 769 2982 simus
785 2918 917 3004 populus
1022 2916 1106 2981 Unde
1129 2929 1155 2980 et
1177 2919 1239 3000 ipse
1260 2919 1385 2981 verbus.-

256 3008 284 3068 ιι·
304 3007 377 3108 pura,
400 3007 500 3088 inqiut,
522 3007 591 3080 aab,
608 3018 680 3090 poet
701 3028 747 3068 sne
769 3009 873 3081 uentre,
896 3018 922 3069 et
944 3007 1027 3069 alibi.-
1048 3008 1132 3069 ιιιιίι
1143 3008 1289 3092 perfectus
1306 3026 1384 3081 ease,

257 3105 283 3156 et
304 3095 410 3155 iterum
424 3096 460 3155 cte
475 3095 648 3176 mrpiaecta's
663 3094 794 3159 electore
808 3096 931 3158 liberum
953 3096 1069 3179 relrpoit
1057 3097 1253 3170 carminum,
1268 3097 1386 3158 (liaeus.-

259 3183 311 3266 pe'u'
322 3193 422 3265 polest
445 3202 557 3268 cupere,
581 3185 687 3266 capiat.

347 3274 506 3347 Quaecum
518 3275 562 3335 ita
573 3276 657 3349 sint„
660 3275 856 3349 testi-moniam
864 3277 918 3334 illa
919 3277 1224 3355 ,quaeblbrardustp
1231 3277 1385 3354 206sqq)

258 3364 363 3424 attulit
386 3365 424 3422 ed
448 3363 678 3424 confirmandam
706 3380 792 3424 suem
823 3366 1005 3443 opinionem,
1036 3365 1115 3425 levia
1139 3381 1223 3424 ιιοιι
1233 3382 1296 3426 esse
1320 3385 1382 3425 nun

257 3457 389 3532 possunt.
435 3454 539 3531 Neque
563 3452 683 3512 difficile
707 3459 751 3512 est
738 3454 829 3514 thoc
852 3460 899 3513 ost
886 3456 1015 3514 tendere.

258 3580 262 3585 ·
347 3538 482 3599 Primum
496 3541 599 3618 >igitur
622 3542 852 3621 vituperandum
870 3550 933 3616 est,
958 3543 1038 3620 quod
1060 3542 1217 3602 Ebrardus
1234 3552 1277 3602 'ex
1291 3541 1384 3618 uritis,

257 3629 375 3706 quibus,
395 3630 503 3701 utitur,
528 3630 558 3689 id
577 3627 676 3690 solum
699 3631 822 3710 accipit,
853 3631 933 3708 quod
961 3631 1131 3710 opinionem
1154 3643 1238 3692 suem
1261 3632 1386 3693 videtur

258 3719 439 3791 confirmare,
464 3724 576 3793 contra,
600 3740 676 3797 quae
692 3721 772 3781 ritae
795 3721 899 3780 dicunt
915 3721 1065 3780 contraria
1088 3739 1158 3779 suae
1183 3721 1324 3798 opinioni,
1340 3723 1385 3782 ab

257 3807 330 3884 ipsis
353 3807 548 3886 scriptoribus
571 3808 641 3867 ficta
664 3828 727 3869 esse
743 3808 880 3868 affirmat.
911 3809 965 3883 At,
989 3809 1016 3868 si
1029 3809 1182 3869 nobiseum
1198 3818 1384 3889 reputamus,

257 3897 376 3972 qualem
408 3897 586 3955 sententiam
611 3898 697 3976 'apud
720 3899 824 3976 ‘ipsum
847 3895 1022 3957 Columbam
1053 3896 1267 3972 invenerimus,
1282 3893 1284 3897 ⁴
1297 3905 1384 3960 certo

257 3996 316 4042 ιιοιι
346 3985 499 4059 hebernus,
528 3987 607 4062 quod
635 3987 705 4047 vitis
732 3987 819 4045 fidem
839 3987 1010 4064 *adjungere
1037 3988 1215 4047 dubitemus.
1260 3988 1385 4049 neae

256 4073 352 4148 igitur
374 4073 554 4133 monasteria
579 4082 664 4134 erant
682 4074 921 4158 >conprepetiouea
936 4072 1210 4156 oirpmum‘Cbra'eta'
1223 4078 1310 4153 itJon.
1323 4077 1385 4140 ric.

257 4161 343 4220 Euat.
369 4163 419 4235 17,
442 4184 470 4240 p.
490 4165 569 4237 122;
595 4166 666 4242 2³p.
687 4167 746 4223 117
765 4170 802 4223 ’et
825 4164 968 4242 saepius„
995 4180 1090 4242 neque
1114 4164 1215 4244 potest
1237 4160 1383 4241 dubitari,

255 4250 331 4328 ‘quin
355 4269 414 4308 non
437 4252 492 4310 soli
514 4253 673 4332 scriptores
690 4254 806 4329 (Jonas,
830 4253 883 4315 vit.
900 4249 992 4332 Burg.
1004 4251 1193 4328 'BsMabslL
1213 4270 1286 4314 ann.
1305 4256 1385 4331 655,
