3024 4920
727 205 944 264 ..64-

370 386 473 446 Skenii
489 404 560 446 vero
585 388 754 461 conjectura
777 407 815 444 ne
838 384 934 444 dicem
950 386 1025 444 13133
1049 391 1129 444 33113
1152 383 1322 444 verisimilis
1338 405 1399 445 non

276 483 329 551 est,
357 509 392 520 -
420 476 500 552 quod
523 476 672 553 explicare
695 477 816 552 longum
840 481 901 547 est,
931 476 1057 533 alterum
1087 474 1180 550 igitur
1208 473 1283 532 illud
1306 474 1398 533 fuisse

274 571 356 646 puto.
396 565 504 641 Itaque
528 564 564 623 de
588 565 747 643 episcopis,
770 570 805 622 ut
827 564 870 623 ita
893 563 998 636 dicam,
1021 563 1279 623 monasterialibus
1301 584 1399 641 pauca

274 655 425 734 prioribus
449 654 585 712 addenda
609 660 687 712 sunt.

364 742 529 802 Affirmant
552 743 629 800 enim
653 742 785 802 Toddius
809 743 857 817 (31.
881 741 1017 818 Loening
1040 763 1068 819 p.
1085 741 1149 799 445
1173 747 1234 802 not.
1258 743 1298 818 1),
1322 740 1396 800 Ske-

275 834 342 893 nius
373 831 435 909 (II,
465 853 494 908 p.
519 832 584 908 44),
616 833 667 891 elii
698 831 869 910 saepissime
899 831 931 888 in
962 831 1147 890 monasteriis
1178 830 1334 890 Scotorum
1363 830 1397 888 in

275 922 484 981 monachorum
509 940 631 979 numero
654 922 744 979 fuisse
767 941 858 978 unum
881 922 929 979 vel
953 920 1011 978 duo
1035 921 1195 999 episcopos,
1221 920 1272 996 qui
1296 920 1396 978 omnia

275 1011 440 1070 ministeria
463 1010 657 1087 episcopalia,
682 1029 756 1085 quae
781 1030 854 1086 opus
879 1015 977 1082 erant,
1002 1010 1266 1082 administrabant,
1290 1009 1396 1067 nihilo-

275 1101 371 1159 minus
396 1105 503 1171 autem,
528 1106 674 1174 quatenus
690 1099 826 1157 monachi
850 1104 943 1171 erant,
967 1099 1070 1157 abbati
1091 1098 1218 1174 subjecti
1233 1105 1396 1159 manerent.

275 1191 363 1248 Hanc
386 1188 574 1260 sententiam,
598 1189 634 1246 de
659 1209 717 1265 qua
741 1209 832 1266 supra
847 1189 939 1247 verba
955 1208 1015 1245 non
1030 1188 1096 1260 1331,
1120 1188 1189 1265 quia
1213 1187 1320 1246 idonea
1335 1207 1396 1245 non

275 1279 401 1350 videtur,
426 1298 484 1354 qua
508 1276 699 1336 confirmetur
722 1279 841 1335 omnino
866 1278 945 1354 apud
961 1277 1065 1336 Scotos
1081 1277 1259 1353 dignitatem
1283 1276 1396 1354 episco-

211 1426 212 1434 ,
274 1369 371 1446 palem
395 1368 484 1426 fuisse
508 1386 527 1423 3
555 1363 694 1445 personui
719 1366 781 1425 und
810 1374 860 1425 aot
889 1386 929 1424 uu
952 1362 1060 1447 official
1081 1364 1194 1446 dipnuy
1218 1364 1328 1441 (Skene
1351 1364 1395 1438 H,

274 1478 303 1535 p.
328 1457 393 1533 44),
418 1457 473 1514 hoc
496 1456 559 1514 loco
588 1476 647 1514 non
669 1455 850 1533 impugnem.
895 1453 972 1514 Nam
1004 1455 1061 1513 etsi
1091 1455 1255 1527 annalium,
1286 1454 1396 1531 quibus

276 1545 403 1604 Skenius
426 1545 530 1618 utitur,
555 1545 724 1604 testimonia
748 1545 859 1603 leviora
875 1550 953 1616 sunt,
977 1551 1077 1602 tamen
1101 1551 1131 1603 et
1148 1543 1272 1613 Toddio‚
1295 1563 1396 1601 rerum

275 1635 506 1694 Hibernioarum
529 1634 721 1711 peritissime,
745 1634 799 1693 uhi
823 1634 858 1691 de
882 1634 967 1692 factis
991 1633 1104 1709 agitur,
1134 1632 1222 1691 fidem
1247 1632 1395 1708 denegare

275 1724 348 1782 mihi
371 1723 531 1796 nonlicet,
556 1730 586 1781 et
609 1723 672 1800 ipse
695 1744 757 1780 rem
780 1724 883 1801 paucis
907 1723 1082 1780 confirmare
1111 1742 1238 1800 possum.
1283 1721 1396 1780 Exstat

276 1813 353 1870 enim
376 1812 456 1890 apud
478 1810 690 1870 Adamnanum
713 1812 825 1870 mentio
855 1812 985 1890 episcopi
1009 1811 1162 1886 cujusdam
1185 1811 1282 1870 Jonae
1306 1831 1395 1889 saepe

276 1901 485 1961 commorantis
509 1902 551 1977 (1,
576 1903 627 1973 29,
651 1923 680 1979 p.
698 1902 771 1973 208,
796 1902 832 1961 31.
858 1903 885 1971 l,
904 1902 953 1972 17,
977 1923 1006 1978 p.
1024 1901 1101 1976 204)
1126 1907 1156 1959 31
1179 1901 1257 1976 apud
1280 1899 1395 1958 Bedam

275 1991 405 2065 alterius,
422 1989 539 2049 nomine
557 1989 704 2064 Oeollach,
720 1991 840 2048 natione
857 1989 947 2062 Scoti,
972 1989 1024 2065 qui
1038 2010 1097 2047 non
1113 1991 1207 2048 multo
1222 1995 1291 2067 post
1307 2009 1396 2065 quam

275 2080 477 2159 episcopatum
516 2079 796 2138 mediterraneorem
826 2078 996 2156 Anglorum
1030 2079 1116 2138 simul
1153 2085 1184 2137 et
1219 2079 1397 2137 Marciorum

275 2175 462 2247 susceperat,
485 2165 582 2227 relicto
606 2167 774 2250 episcopatu
796 2187 926 2227 reuersus
949 2176 990 2229 eet
1012 2167 1053 2226 cd
1075 2163 1204 2226 insulem
1226 2162 1348 2243 Η11(11.
1372 2188 1397 2225 e.

277 2258 305 2329 3,
330 2260 381 2330 21,
405 2259 422 2335 ξ
447 2258 532 2333 212).
578 2256 686 2333 Itaque
710 2258 765 2317 etsi
788 2258 900 2330 nescio,
930 2257 1038 2332 quibus
1062 2256 1239 2315 testimoniis
1263 2255 1398 2316 Toddius

274 2368 337 2405 rem
361 2345 597 2419 confirmaverit,
620 2352 721 2404 tamen
744 2367 803 2404 non
827 2347 931 2405 dubito
956 2346 1029 2404 adeo
1054 2346 1081 2403 31
1112 2346 1200 2404 fidem
1224 2345 1397 2422 adjungere,

274 2443 309 2494 ut
332 2435 490 2495 concedam
512 2434 577 2494 fieri
599 2435 739 2512 potuisse,
763 2442 797 2493 ut
819 2435 851 2492 in
873 2436 933 2493 illis
957 2435 1159 2508 monasteriis,
1183 2455 1259 2511 quae
1283 2434 1397 2512 episco-

274 2525 371 2602 palem
395 2528 427 2582 in
450 2544 503 2582 sua
526 2524 647 2601 regione
670 2526 815 2600 gerebant
838 2545 951 2598 curam,
982 2544 1041 2582 non
1070 2523 1128 2603 ipsi
1159 2525 1283 2582 abbates
1305 2524 1398 2581 iidem

275 2614 405 2691 episcopi
430 2620 528 2672 essent
551 2615 701 2671 sedunus
725 2636 762 2672 ex
788 2614 951 2686 monachis,
982 2614 1033 2689 qui
1064 2618 1164 2671 tamen
1194 2613 1298 2671 abbati
1326 2613 1397 2671 sub·

201 2769 203 2773 ,
271 2705 369 2779 jectus
399 2709 542 2761 maneret.
588 2700 648 2760 Sed
680 2723 747 2761 raro
777 2702 832 2761 hoc
862 2704 974 2761 factum
1005 2723 1067 2762 esse
1090 2709 1164 2779 puto
1188 2722 1282 2777 neque
1306 2701 1399 2760 moris

273 2792 364 2851 fuisse
386 2792 463 2851 sieut
486 2792 516 2850 in
533 2792 712 2850 monasterio
728 2792 855 2864 Hiiensi,
879 2792 932 2850 sed
956 2811 1024 2849 casu
1040 2793 1150 2849 factum
1174 2812 1245 2863 esse,
1268 2791 1295 2849 si
1316 2793 1398 2849 13113

273 2882 365 2941 abhas
389 2882 578 2940 excusatione
601 2881 789 2940 monachicae
812 2881 973 2940 modestiae
997 2881 1174 2957 dignitatem
1197 2866 1398 2958 episcopalem

273 2970 447 3048 deprecatus
471 2976 546 3031 erat.

363 3058 542 3136 Exemplum
557 3060 644 3133 hujus
667 3058 711 3116 rei
733 3059 797 3137 ipse
813 3079 872 3117 non
887 3059 989 3118 inveni
1004 3059 1062 3118 nisi
1077 3058 1247 3135 Virgilium,
1264 3057 1398 3132 Scotum,

275 3147 445 3225 episcopum
460 3147 661 3206 Juvavensem
677 3147 712 3223 (†
730 3148 806 3223 784)
831 3149 890 3224 qui,
914 3149 1006 3206 donec
1030 3148 1093 3225 ipse
1114 3149 1271 3226 episcopus
1293 3167 1396 3206 conse·

274 3242 372 3296 oratus
385 3242 439 3309 est,
452 3236 490 3295 ad
502 3236 737 3295 administranda
753 3236 918 3296 ministeria
934 3237 1114 3315 episcopalia
1129 3257 1198 3296 usus
1214 3242 1260 3295 cst
1271 3236 1396 3295 Dobda·

273 3346 361 3402 greco
392 3325 531 3405 episcopo
564 3331 593 3384 et
623 3325 688 3403 ipso
720 3327 840 3385 natione
865 3326 953 3385 Scuto
978 3327 1027 3403 (31.
1058 3325 1222 3403 Rettberg,
1246 3325 1395 3383 Kirchen-

273 3414 443 3493 geschichte
459 3415 680 3474 Deutschlands
704 3414 746 3488 H,
762 3438 798 3492 p.
816 3416 879 3473 233
904 3435 956 3492 sq,
977 3416 1012 3473 cf.
1037 3436 1065 3493 p.
1084 3416 1147 3473 234
1171 3420 1232 3473 not.
1259 3416 1321 3490 18),
1342 3415 1396 3472 sed

273 3503 339 3561 ideo
362 3505 449 3562 facile
472 3505 546 3562 mihi
568 3512 779 3580 persuaserunt
794 3504 927 3563 'Poddius
950 3510 981 3563 et
996 3502 1132 3578 Skenius,
1156 3504 1235 3580 quod
1258 3504 1316 3562 nisi
1338 3503 1396 3561 hac

273 3613 305 3650 re
329 3593 518 3652 manifestum
540 3613 599 3651 non
624 3591 666 3665 111,
691 3593 836 3669 quomodo
858 3593 925 3652 fieri
947 3593 1092 3671 potuerit,
1116 3600 1150 3652 ut
1173 3613 1396 3669 nonnumquam

273 3682 304 3740 in
333 3681 482 3740 Hibernia
506 3680 648 3757 (Adamn.
677 3682 730 3741 vit.
759 3681 822 3740 Col.
850 3685 876 3755 1,
903 3684 953 3755 17,
976 3704 1005 3760 p.
1030 3684 1108 3755 204;
1135 3685 1161 3755 l,
1187 3682 1238 3756 29,
1261 3703 1290 3760 p.
1316 3681 1395 3753 2083

276 3773 303 3845 l,
329 3770 378 3845 35,
402 3792 431 3847 p.
457 3771 533 3847 210)
558 3777 588 3829 31
618 3771 788 3849 saepissime
818 3771 1034 3849 posterioribus
1057 3772 1241 3849 temporibus
1263 3771 1296 3828 in
1319 3769 1395 3828 Ger·

273 3860 372 3919 mania
403 3867 559 3918 occurrant
589 3861 675 3920 nobis
706 3861 838 3938 episcopi
874 3862 1107 3938 peregrinantes.
1159 3862 1236 3922 Nam
1266 3880 1332 3918 eum
1363 3859 1395 3917 in

273 3949 421 4007 Hibernia
445 3949 625 4026 episcopales
650 3950 732 4008 sedes
755 3950 799 4007 ita
815 3969 881 4007 cum
897 3951 1083 4008 monasteriis
1101 3953 1258 4026 conjuncta
1274 3948 1395 4021 fuerint,

272 4044 307 4096 ut
330 4058 419 4113 penes
442 4039 508 4115 ipsa
531 4039 710 4097 monasteria
733 4039 918 4117 principatus
941 4039 1107 4098 dioeceseos
1133 4039 1225 4097 fuisse
1248 4039 1396 4111 videatur,
1415 4089 1418 4094 .

273 4133 400 4204 apparet
423 4127 459 4186 iis
483 4127 641 4206 episcopis,
666 4128 717 4205 qui
742 4128 805 4187 vice
830 4128 948 4186 abbatis
977 4130 1054 4187 forte
1078 4128 1244 4188 consecrari
1267 4127 1396 4186 nolentis

275 4215 492 4294 episcopalibus
515 4217 688 4276 ministeriis
711 4218 926 4293 fungebantur,
957 4224 1018 4275 tam
1042 4224 1155 4277 arctam
1179 4238 1245 4275 cum
1269 4237 1322 4276 sua
1346 4218 1397 4277 vel

273 4305 383 4363 rectius
407 4307 524 4366 abbatis
547 4306 672 4365 dioecesi
696 4305 942 4365 necessitudinem
972 4327 1031 4365 non
1062 4307 1167 4380 fuisse,
1198 4313 1232 4365 ut
1261 4307 1286 4365 si
1316 4307 1396 4365 forte
