3024 4920
636 168 876 226 -103-

198 343 374 406 adulterium
398 346 485 404 electi
509 352 606 405 essent
622 344 761 424 episcopi,
785 346 901 404 addidit
923 343 1113 416 „abaconeum
1134 354 1229 404 temen
1253 344 1319 407 dieo

199 455 265 495 eum
280 431 415 495 clientelis
430 431 617 506 adulterium,
634 433 713 515 quod
728 433 811 513 apud
825 443 939 493 nostroe
953 432 1109 514 coepturos
1124 453 1182 493 non
1198 433 1320 494 mineris

198 532 326 583 conetur
340 520 507 604 pontone,
531 525 589 600 (ep.
615 523 649 597 5,
667 544 695 600 p.
713 524 754 581 32
772 522 823 599 G).
856 522 989 582 Obscura
1012 524 1085 583 haec
1107 525 1207 583 verba.
1239 523 1318 598 Quid

199 614 256 672 sibi
279 613 345 672 vult
367 630 434 670 eom
457 609 590 671 clientelis
605 611 699 670 illud?
729 613 774 672 Ne
791 612 903 671 diutius
918 633 1067 671 moremur
1081 613 1112 671 in
1136 612 1321 690 explicandis

199 701 245 760 his
269 701 368 759 verbis
392 735 435 745 -
458 721 526 758 nam
554 701 721 760 accuratius
752 702 919 759 examinata
934 702 1008 779 >ipsa
1038 702 1217 775 indicarent,
1242 721 1318 778 quae

203 797 280 849 esset
295 790 376 848 vocis
399 790 553 848 clientelae
577 789 754 866 significatio
772 791 993 863 -audiamus,
1017 810 1092 866 quae
1115 791 1227 867 scripta
1249 796 1320 851 sunt

199 879 231 937 in
247 877 417 951 Columbae,
442 879 493 954 qui
516 878 634 950 dicitur,
658 879 695 936 de
710 879 961 957 poenitentiarum
984 899 1121 937 mensura
1141 880 1218 938 libro
1235 901 1259 938 c.
1277 880 1318 936 20

199 967 290 1041 (Bibl.
314 987 390 1025 max.
417 968 466 1039 12,
490 989 518 1045 p.
536 969 588 1040 22,
612 968 880 1040 Wasserschleben,
904 967 1157 1044 Bussordnungen
1180 988 1209 1045 p.
1227 969 1318 1044 356):

198 1052 235 1115 »Si
255 1054 319 1136 prob
342 1052 462 1115 clericos
484 1063 535 1114 one
557 1054 699 1115 diaconus
721 1053 765 1116 cel
786 1052 911 1136 alicujus
932 1055 1055 1136 padue,
1077 1054 1130 1136 qui
1149 1053 1241 1116 laicus
1256 1053 1320 1139 fcit

197 1143 228 1203 c'n
250 1143 365 1204 eocmelo
387 1163 454 1202 erem
465 1141 541 1226 filiis
564 1153 590 1202 et
610 1141 748 1228 filabo,
773 1153 843 1224 poet
873 1143 1085 1204 convencionem
1107 1143 1320 1204 ercombertum

198 1252 283 1292 neom
304 1231 468 1312 copnoeem‘t
490 1229 649 1292 elioctelum
672 1241 697 1292 ct
708 1231 812 1316 filium
825 1231 930 1293 iterum
945 1233 982 1293 de
997 1253 1031 1293 ea
1044 1232 1181 1314 penueeit,
1204 1232 1276 1294 sciet
1290 1251 1322 1294 ee

198 1319 375 1382 adulterium
394 1329 578 1402 perpetrasse
600 1330 626 1382 et
647 1341 707 1381 non
732 1321 828 1382 nuum
848 1341 975 1402 pecasse,
999 1342 1089 1403 petum
1115 1321 1141 1382 ci
1163 1321 1200 1383 ob
1216 1320 1318 1404 juvem

198 1419 256 1469 tute
278 1429 332 1469 eoo
355 1406 474 1470 oberimus
488 1408 596 1492 fiscbeet
618 1419 644 1470 et
666 1431 732 1470 cum
750 1407 854 1493 puello
868 1408 966 1471 alieno
981 1420 1140 1491 peccasset,
1163 1410 1233 1493 qnia
1249 1419 1320 1491 poet

199 1506 297 1558 cotum
319 1519 407 1557 suem
426 1498 566 1577 peccavit,
587 1508 745 1581 poatquam
766 1520 796 1559 ec
818 1499 939 1561 domim
961 1498 1136 1561 consecrauit
1166 1509 1192 1560 et
1222 1508 1320 1560 cotum

199 1608 285 1647 suum
309 1586 427 1647 eneam
441 1587 515 1669 fecit
534 1595 620 1647 -et
644 1589 752 1647 similia
774 1590 805 1647 in
821 1589 1034 1648 Poenitentiali
1051 1589 1209 1663 Vinniani,
1232 1609 1321 1666 quem

202 1677 508 1736 Wasserschlcbenius
531 1677 657 1735 eundem
685 1679 776 1737 fuisse
805 1677 925 1756 putarit
954 1684 1045 1755 atque
1068 1678 1228 1737 Finienum
1250 1678 1320 1738 Clo·

199 1765 375 1823 nardensem
399 1765 605 1840 (Wassersohl.
629 1765 890 1843 Bussorduungen,
914 1788 943 1844 p.
963 1769 1002 1825 10
1019 1774 1050 1826 et
1076 1768 1153 1839 1143
1178 1769 1214 1826 cf.
1231 1786 1321 1845 supra

197 1874 225 1930 p.
252 1850 369 1929 55):·ee‘
390 1851 454 1934 quis
469 1850 566 1933 fuerit
587 1850 705 1913 clericus
728 1864 779 1914 out
801 1852 926 1935 alicujus
946 1854 1060 1936 padus
1091 1865 1116 1915 el
1140 1853 1232 1914 laicus
1255 1862 1321 1914 onte

198 1961 265 2000 cum
277 1938 355 2024 filiis
377 1949 403 1999 et
414 1937 537 2024 filiabus
560 1941 620 2001 secie
643 1940 805 2003 cleonedlu
827 1964 881 2002 seeo
900 1943 1028 2025 perpetu
1047 1940 1152 2004 entim
1175 1952 1202 2004 et
1223 1943 1322 2002 redeat

199 2029 240 2089 od
262 2026 379 2090 cernale
409 2029 586 2090 undenum
613 2039 639 2089 et
662 2031 793 2112 peccent
812 2030 914 2116 silium
941 2050 977 2091 ecc
999 2028 1175 2102 epaeneti,
1197 2030 1269 2092 sciat
1291 2050 1323 2093 se

198 2117 286 2177 ruine
309 2116 443 2178 munima
465 2117 600 2179 condisse
613 2139 673 2179 non
687 2118 785 2180 minas
804 2129 958 2200 peccorum
980 2117 1041 2201 ejus
1063 2129 1095 2180 ut
1117 2129 1187 2182 esset
1202 2118 1322 2180 electores

200 2226 235 2267 ee
250 2203 399 2288 juventute
421 2213 476 2266 etc.
1192 2210 1194 2212 ’

291 2296 397 2356 Nonne
421 2296 494 2356 haec
516 2299 616 2371 rerba,
640 2297 671 2356 in
696 2299 804 2375 quibus
828 2306 947 2376 practer
970 2298 1132 2357 Columbae
1155 2299 1230 2357 illud
1253 2297 1324 2358 solis

199 2385 352 2445 invenitur
373 2405 433 2444 vox
456 2387 611 2445 clientelae
634 2389 684 2463 (cf.
699 2388 750 2446 Du
766 2387 868 2464 Gange
891 2389 955 2448 sub.
978 2408 1041 2447 voc.
1057 2388 1233 2463 clientelae),
1248 2387 1322 2444 illud

194 2473 366 2532 ¹Columbae
388 2473 432 2531 ita
455 2474 702 2551 interpretentur,
732 2483 768 2534 ut
790 2477 935 2555 appareat
957 2496 1060 2535 vocem
1083 2477 1238 2536 clientelae
1261 2476 1321 2535 vim

193 2563 312 2621 bebere
328 2561 450 2621 uxoris?
473 2563 613 2622 Profecto
628 2570 681 2622 aut
697 2563 859 2622 Columbae
874 2570 1047 2624 notaerant
1063 2563 1208 2624 Vinniani
1222 2566 1323 2637 verba,

202 2657 255 2710 aut
277 2651 341 2728 ipse
365 2650 484 2728 scripsit
507 2653 604 2710 locum
627 2651 711 2710 illum
734 2652 805 2711 libri
832 2653 868 2711 de
896 2653 1147 2731 poenitentiarum
1175 2673 1322 2726 mensura,

204 2745 258 2799 aut
283 2745 442 2816 utrumque
469 2741 683 2818 poenitentiale
710 2741 819 2801 nititur
845 2742 876 2800 in
910 2743 962 2801 illa
997 2742 1158 2801 Columbae
1185 2742 1322 2821 epistula.

202 2829 286 2904 Quae
309 2848 357 2887 res
380 2829 526 2905 quomodo
546 2828 713 2902 schabest,
733 2837 837 2890 nostra
855 2851 914 2889 non
933 2830 1050 2889 refert.¹
1082 2830 1168 2904 Nam,
1188 2830 1321 2890 simulat·

273 3057 284 3087 ¹
304 3052 403 3123 Neque
423 3052 558 3107 Vinnicni
578 3054 653 3108 libro
672 3071 764 3123 neque
785 3054 947 3121 Columbae,
969 3057 1017 3125 qui
1038 3056 1150 3122 dicitur,
1171 3057 1206 3110 de
1224 3056 1332 3124 poeni·'

199 3125 354 3180 tentiarum
376 3141 507 3178 mensura
525 3125 599 3178 libro
618 3126 688 3179 mihi
707 3127 795 3180 licere
814 3126 856 3179 uti
870 3127 1013 3192 constitui,
1034 3129 1099 3198 quia
1112 3132 1231 3196 uterque
1247 3128 1324 3182 liber

201 3229 234 3238 -
255 3195 381 3266 quamvis
400 3196 543 3249 levissima
561 3196 630 3261 sint,
657 3213 729 3265 quae
748 3197 892 3251 librandus
912 3201 953 3268 (p.
975 3200 1026 3253 154
1045 3203 1075 3253 et
1093 3198 1259 3253 Zeitsehrift
1277 3198 1324 3252 fiir

200 3269 266 3323 hist.
288 3267 387 3321 Theoi.
409 3265 486 3332 1875,
506 3284 533 3335 p.
554 3267 620 3335 503)
640 3267 774 3321 disseruit
792 3267 828 3321 de
847 3268 1003 3323 Columbae
1023 3270 1105 3333 libro,
1131 3269 1167 3323 de
1186 3286 1241 3337 quo
1261 3269 1321 3322 selo

201 3339 374 3394 mentionem
393 3338 465 3392 feeit
478 3369 511 3377 —
525 3337 663 3391 incertior
680 3338 751 3391 mihi
770 3337 892 3404 videtur,
913 3357 997 3409 quam
1016 3357 1071 3409 quo
1085 3344 1204 3394 utamur.
1237 3338 1323 3393 Certe

200 3410 339 3467 Vinniani
353 3407 564 3493 l’oenitentiale
577 3426 593 3461 a
610 3407 729 3463 Piniano
747 3409 933 3464 Clonardensi
946 3411 1139 3479 conscriptum
1151 3427 1208 3463 non
1222 3414 1272 3476 est,
1286 3440 1321 3493 5‘.

193 3480 555 3616 Δ,9,ζῆἲὲἓῖῘὲὲέ“ἔ’ἕωῗίιῗιῖἓῗὲ,
576 3479 1322 3622 tttltttlttaitttttuatl,lile-tt

194 3621 320 3677 australi
334 3623 508 3690 conscriptos
524 3639 584 3677 esse
594 3627 663 3691 puto
675 3623 723 3692 (of.
735 3640 820 3691 supra
834 3642 862 3692 p.
876 3625 910 3678 39
920 3642 961 3693 sq.
977 3628 1006 3678 et
1020 3623 1155 3678 Cumeeni
1168 3641 1211 3692 ep.
1226 3622 1320 3677 Usser.

193 3709 246 3765 ep.
262 3691 388 3747 ·Hibern.
409 3694 471 3760 syll.
492 3710 521 3761 p.
542 3695 597 3762 23).
629 3694 740 3762 Itaque,
760 3712 827 3746 num
843 3695 978 3748 Vinniani
996 3696 1069 3749 liber
1088 3699 1153 3749 ante
1166 3694 1322 3750 Columbae

202 3763 385 3818 Luxoviensis
406 3767 537 3831 tempora
556 3765 727 3832 compositus
746 3765 792 3832 sit,
806 3766 889 3820 valde
903 3767 1020 3819 dubium
1039 3766 1109 3819 mihi
1122 3782 1183 3819 esse
1196 3764 1318 3818 videtur.

201 3833 236 3887 In
261 3833 415 3888 Columbae
438 3851 518 3898 vero,
550 3836 598 3903 qui
622 3835 740 3901 dicitur,
768 3837 804 3889 de
827 3837 1067 3904 poenitentiorum
1093 3853 1223 3890 mensura
1247 3836 1322 3889 libro

201 3906 290 3973 ipsius
316 3904 469 3959 Columbae
494 3909 524 3958 et
547 3906 668 3959 aliorum
698 3907 853 3962 sententias
883 3909 1050 3976 compilatas
1078 3924 1138 3962 esse
1162 3906 1321 3961 Sohoellius

200 3976 331 4046 profecto
350 3993 407 4030 non
426 3979 533 4029 temere
552 3978 709 4044 suspicatus
733 3981 776 4031 est
795 3980 835 4047 (p.
856 3980 912 4048 60),
933 3995 1021 4049 eaque
1046 3979 1081 4033 de
1100 3996 1184 4033 eausa
1202 3979 1236 4031 iis
1255 3995 1320 4032 con·

201 4048 334 4112 sentiam,
360 4048 407 4116 qui
431 4047 512 4100 illum
536 4046 640 4101 librum
663 4049 769 4102 saeculi
797 4051 910 4118 septimi
934 4050 1109 4120 temporibus
1133 4049 1268 4103 Bobiensi
1291 4049 1322 4101 in

200 4117 373 4173 monasterio
392 4119 580 4185 compositum
593 4135 653 4173 esse
671 4124 828 4174 senserunt.
856 4120 914 4174 Sed
932 4123 957 4175 si
975 4138 1047 4190 quae
1065 4120 1153 4189 ipsius
1167 4120 1321 4175 Columbae

195 4190 360 4245 sententiae
380 4189 410 4242 in
429 4188 502 4243 libro
521 4189 572 4242 illo
592 4191 775 4244 continentur
792 4192 915 4260 —quod
933 4192 1046 4246 omnino
1066 4192 1183 4246 dubium
1201 4208 1258 4244 non
1278 4193 1323 4243 est

200 4291 235 4302 -
255 4266 332 4316 certe
356 4260 437 4329 origo
461 4260 576 4313 illorum
599 4261 751 4314 verborum
775 4262 810 4316 de
839 4263 980 4318 adulterio
1006 4263 1175 4317 clericorum
1199 4263 1233 4316 ab
1259 4261 1322 4329 ipso
