3024 4920
657 218 849 287 ..4.-

195 405 280 490 quia,
311 424 387 488 quae
417 406 545 488 profert,
576 408 694 467 aliunde
721 410 784 482 jam
815 407 965 467 audieram
995 406 1105 483 partim
1127 404 1198 483 quia
1222 402 1310 465 alium

193 508 284 578 atque
306 505 439 560 nostrum
463 499 593 558 Varinus
624 498 682 558 sibi
712 499 867 575 proposuit
896 496 993 555 finem.
1040 495 1117 555 Tota
1147 496 1223 554 enim
1247 498 1310 571 ejus

194 590 400 650 commentatio
424 591 519 648 altera
542 609 576 647 eo
599 593 729 666 spectat,
753 593 787 646 ut
810 586 1051 647 centuriatorum
1073 586 1309 663 Magdeburgen·

193 681 268 740 sium
284 678 460 738 sententiam
477 679 586 737 refutet
602 698 667 736 cum
683 676 861 750 examinans,
886 696 956 735 num
976 679 1043 752 jure
1066 675 1111 734 his
1134 695 1185 734 sex
1208 676 1309 733 rebus:

196 771 226 845 1)
250 775 390 828 tonsurae
429 767 524 827 forma
570 769 602 843 2)
624 765 747 842 liturgia
783 766 889 825 missae
936 767 968 842 3)
993 765 1059 824 odio
1097 765 1128 823 in
1147 765 1310 822 Ι1161661166

194 859 227 936 4)
251 857 423 934 baptizandi
454 878 534 915 more
566 857 598 933 5)
621 857 691 916 festi
719 855 866 933 paschalis
895 854 1114 932 computatione
1153 855 1186 930 6)
1209 852 1310 912 matri·

193 947 291 1006 monio
316 947 487 1006 clericorum
513 979 550 989 -
577 946 728 1005 eeclesiam
751 944 910 1004 Britonum
933 944 1079 1004 diversam
1109 944 1199 1002 fuisse
1222 963 1240 1001 a
1264 962 1310 1000 oa·

193 1037 303 1095 thelica
326 1036 510 1109 censuerint,
541 1040 604 1093 tum
628 1035 735 1093 docens
758 1035 870 1093 nullam
894 1053 1024 1110 unquam
1046 1032 1222 1091 Britonibus
1245 1051 1310 1090 cum

131 1138 134 1143 “
193 1124 267 1184 Asia
290 1126 379 1184 fuisse
402 1123 681 1185 necessitudinem.l
706 1158 745 1168 -
771 1123 830 1183 Sed
853 1125 911 1183 alio
935 1125 1014 1200 loeo,
1041 1122 1093 1179 ubi
1123 1142 1182 1180 non
1211 1141 1310 1199 spera·

193 1236 309 1287 veram,
340 1215 411 1274 novi
434 1214 546 1290 aliquid
568 1214 683 1286 inveni,
716 1214 796 1289 quod
827 1215 865 1274 ad
895 1211 1127 1291 cognoscendam
1155 1209 1311 1269 Scotorum

106 1356 108 1360 Α
195 1305 333 1363 eeclesiae
356 1310 494 1362 naturam
517 1304 637 1361 maximi
658 1303 802 1362 momenti
824 1304 942 1362 videtur
965 1323 1043 1361 esse:
1067 1300 1146 1379 apud
1161 1300 1310 1358 Harttun·

192 1393 274 1470 gium
305 1387 725 1472 (Dplomotisch-hialorsachc
749 1387 965 1472 Foraehaopela
997 1393 1070 1451 1879
1100 1413 1129 1469 p.
1160 1388 1199 1448 21
1226 1391 1311 1465 6661).

193 1482 371 1558 Quanquam
395 1481 473 1539 enim
496 1503 545 1555 ea,
576 1502 652 1558 quae
682 1501 776 1558 pauca
806 1482 842 1540 de
865 1482 1023 1540 Britonum
1048 1479 1170 1538 eeclesia
1193 1477 1311 1537 aliunde

193 1571 319 1649 sumpsit
334 1606 378 1614 -
393 1571 469 1647 proh
485 1571 567 1629 dolor
583 1592 619 1629 ex
634 1570 766 1629 Ebrardi
782 1591 898 1648 quoque
921 1571 1012 1629 libro!
1031 1603 1070 1614 ·-
1087 1569 1188 1646 magni
1211 1568 1310 1626 existi·
1389 1620 1390 1623 ,

193 1681 272 1718 mare
288 1680 347 1717 non
363 1680 491 1738 possum,
515 1666 615 1719 tamen
631 1660 696 1719 aliis
711 1661 798 1735 hujus
820 1661 891 1719 libri
912 1660 1049 1738 partibus
1069 1658 1194 1717 multum
1209 1658 1311 1729 debeo,

193 1769 289 1826 neque
306 1749 441 1808 omittam
463 1750 576 1826 gratias
599 1770 687 1826 agere
710 1749 903 1828 Harttungio,
927 1750 977 1826 qui
994 1749 1039 1826 (p.
1056 1750 1111 1825 22)
1128 1767 1236 1820 omnes,
1260 1746 1312 1823 qui

193 1840 229 1898 de
249 1838 408 1897 Britonum
433 1839 555 1899 eeclesia
579 1846 697 1898 exstent
719 1838 797 1912 libri,
821 1859 992 1898 enumerare
1016 1843 1137 1897 conatus
1161 1837 1208 1897 sit.
1255 1835 1310 1894 Oo-

193 1934 279 1988 natus
303 1934 363 2002 est,
388 1948 454 1987 nam
479 1928 642 2007 complures
666 1949 733 1987 eum
756 1931 897 2006 fugerunt
919 1929 1087 2007 scriptores.
1135 1926 1209 1986 Cum
1233 1925 1311 1985 enim

192 2017 290 2095 priore
314 2019 445 2076 aimoin
469 2020 563 2077 luoem
586 2019 731 2097 prodierit
760 2014 902 2091 Warreo,
933 2013 1063 2100 Idaspy
1085 2012 1259 2082 6611611661
1281 2012 1318 2095 of

192 2104 237 2166 tlte
262 2103 351 2166 Celtic
374 2103 489 2166 choreb.
516 2105 633 2189 Oaford
657 2111 742 2179 1881,
777 2109 897 2167 tandem
921 2107 1079 2183 aliquando
1103 2106 1134 2162 in
1157 2106 1211 2161 hoo
1234 2104 1310 2160 libro

193 2196 341 2274 expletam
356 2216 390 2252 ae
405 2198 568 2273 perlectam
585 2191 729 2255 librorum
748 2198 881 2255 tabulam
904 2196 1005 2254 inveni
1028 2214 1082 2252 nec
1105 2212 1164 2249 non
1188 2211 1223 2248 ex
1245 2191 1310 2267 ipso

192 2285 269 2343 libro
286 2283 415 2343 fructum
430 2286 582 2362 percipere
597 2285 691 2362 potui.
738 2282 797 2342 Sed
819 2285 892 2342 mihi
915 2302 974 2342 non
997 2282 1130 2359 contigit,
1153 2286 1187 2338 ut
1211 2299 1311 2339 omnes

194 2375 286 2432 libros
310 2394 328 2430 a
343 2374 500 2432 Warrenio
523 2374 668 2446 laudatos,
692 2393 728 2431 ex
751 2373 858 2449 quibus
881 2372 1050 2444 utilitatem,
1074 2390 1168 2428 seram
1192 2368 1310 2445 quidem

193 2463 284 2537 illam,
308 2469 464 2540 capturum
487 2484 533 2521 me
556 2483 618 2522 esse
643 2462 806 2539 sperabam,
830 2452 1017 2540 adipiscerer.
1063 2458 1172 2518 'Poddii
1187 2453 1258 2542 Life
1281 2456 1317 2539 of

194 2546 280 2610 Sciat
301 2547 423 2610 Paesici
446 2547 694 2628 (1161161864),
717 2551 825 2608 librum
841 2551 878 2609 ab
895 2550 934 2608 Η,
951 2549 1009 2608 and
1026 2548 1068 2609 St.
1093 2554 1123 2607 et
1145 2546 1310 2624 Loeningio

193 2642 304 2700 frustra
324 2640 397 2698 mihi
413 2641 656 2711 commendatum,
680 2640 750 2718 quia
772 2641 819 2698 vel
842 2638 873 2697 in
896 2638 1049 2698 ditissimis
1072 2638 1169 2715 gentis
1192 2642 1311 2696 nostrae

194 2729 381 2789 bibliothecis
396 2729 488 2802 deest,
512 2750 578 2788 eum
594 2729 674 2808 apud
689 2728 879 2787 Warrenium
895 2748 1011 2806 quoque
1033 2727 1210 2787 invenissem
1234 2747 1311 2785 sum·

195 2819 250 2878 mis
274 2818 411 2877 laudibus
435 2820 552 2892 elatum,
577 2841 595 2878 a
618 2818 780 2896 bibliopola
803 2818 930 2894 quodam
946 2817 1130 2876 Londinensi
1152 2815 1310 2894 postulavi,

193 2909 245 2969 sed
261 2908 359 2966 omnia
379 2908 465 2984 hujus
488 2908 558 2967 libri
582 2908 761 2986 exemplaria
784 2908 905 2966 vendita
928 2928 990 2967 esse
1014 2905 1149 2985 comperi.
1196 2903 1256 2963 Sed
1277 2909 1311 2962 ut

194 2997 344 3070 omittam,
368 2997 475 3073 quibus
497 2998 543 3056 uti
566 2998 638 3056 mihi
662 3018 720 3055 non
742 2997 867 3070 licebat,
898 3017 968 3057 usus
991 3017 1055 3056 sum
1078 3001 1197 3074 praeter
1219 2996 1310 3053 libros

193 3106 283 3165 supra
307 3093 548 3146 commemoratos
572 3087 603 3144 in
626 3085 805 3164 perficienda
828 3087 883 3144 hae
906 3107 971 3145 mea
990 3085 1198 3145 dissertatione
1222 3083 1310 3142 etiam

193 3176 240 3234 his
263 3174 377 3234 duobus
399 3175 500 3234 libris:
531 3175 630 3255 priore
654 3174 757 3234 Skenii
787 3174 863 3233 libro
894 3175 1062 3235 doctissimo
1093 3180 1124 3234 et
1153 3172 1310 3244 uberrimo,

193 3265 246 3324 sed
268 3264 377 3322 fabulis
400 3283 621 3342 nonnumquam
645 3265 731 3322 nimis
754 3262 863 3322 confiso
887 3262 992 3341 (81666
999 3307 1008 3336 ,
1041 3260 1128 3323 Celtic
1162 3257 1309 3320 Seotlaad.

194 3349 378 3434 Ediahorph.
394 3351 449 3412 ool.
466 3358 490 3415 1.
508 3357 592 3424 1878,
607 3349 715 3436 history
730 3351 791 3412 aad
807 3350 973 3435 elhoolopy3
987 3351 1041 3413 ool.
1057 3355 1085 3411 2.
1103 3353 1186 3426 1877,
1204 3343 1311 3408 choreb

194 3443 255 3503 aad
278 3438 403 3512 cadam
425 3440 524 3502 6613.
542 3445 625 3515 1880,
648 3441 721 3502 laad
736 3441 797 3501 aad
806 3439 925 3522 people)
950 3444 1043 3501 altero
1066 3438 1198 3515 Brightii
1214 3434 1311 3516 Early

194 3528 302 3614 6691161
317 3527 424 3590 ehareh
438 3528 547 3610 history
564 3528 704 3612 (chord.
721 3533 817 3608 1878),
840 3532 872 3590 in
888 3553 946 3609 quo
963 3532 1040 3589 libro
1063 3534 1167 3588 auctor
1188 3528 1311 3600 scholas,

195 3642 268 3698 quas
291 3622 328 3679 de
351 3621 451 3679 Bedae
474 3621 599 3680 historia
623 3621 820 3680 ecclesiastica
844 3641 943 3680 eoram
963 3619 1122 3695 juvenibus
1145 3616 1311 3695 theologiae

194 3710 333 3770 studiosis
363 3709 482 3783 habuit,
513 3710 557 3769 ita
585 3711 683 3783 auxit,
714 3717 748 3770 ut
771 3709 991 3769 adumbrandae
1013 3708 1171 3767 Britonum
1195 3713 1225 3765 et
1247 3706 1311 3765 An·

193 3801 309 3878 glorum
325 3799 467 3857 historiae
491 3800 705 3859 ecclesiastieae
729 3819 787 3857 non
810 3819 917 3876 parvas
939 3797 1086 3856 utilitates
1107 3796 1288 3874 praebuerit.

239 3916 247 3932 ι
282 3888 369 3947 Alios
393 3888 533 3965 denique,
565 3889 602 3947 ad
626 3909 699 3966 quos
722 3889 818 3947 rarius
840 3887 1000 3966 provocavi
1029 3887 1121 3946 libros
1153 3890 1183 3944 et
1213 3885 1310 3944 omnia

193 3986 326 4039 veterum
357 3977 533 4055 scriptorum
564 3977 733 4037 testimonia
764 3978 824 4036 suis
854 3977 927 4035 loeis
957 3977 1198 4035 commemorabo.
1243 3974 1311 4032 Hoc

193 4069 257 4127 loeo
281 4066 324 4125 nil
347 4066 495 4143 reliquum
518 4072 563 4127 est
585 4067 644 4126 nisi
666 4071 701 4125 ut
722 4066 794 4128 viris
817 4065 876 4125 illis
899 4065 1090 4140 doctissimis,
1122 4065 1174 4142 qui
1205 4063 1310 4122 biblio·

285 4279 295 4310 ¹
315 4277 458 4331 Summam
477 4277 622 4346 utriusque
642 4274 886 4329 commentationis
905 4274 1031 4329 invenies
1056 4274 1131 4343 apud
1150 4271 1310 4328 Mootolcm·

194 4348 258 4413 bert,
278 4349 314 4402 lea
332 4349 434 4403 moines
453 4349 605 4403 d’oecideat.
625 4345 684 4412 III,
705 4345 854 4400 488-491.
