3024 4920
644 185 864 242 ..86-

197 363 365 441 Anglorum
387 362 548 441 provinciis
571 369 802 440 consequeretur
823 361 1046 434 auctoritatem,
1074 367 1109 420 ut
1131 359 1241 420 habitis
1264 380 1311 436 sy·

196 454 289 526 nodis,
314 452 415 513 divisis
438 451 587 530 parochiis
609 456 641 510 et
663 451 832 512 constitutis
846 450 982 530 pluribus
997 449 1213 528 episcopalibus
1236 448 1312 510 sedi·

197 545 254 602 bus
276 541 321 601 116
343 541 496 601 ordinaret
519 540 657 600 eeclesiae
680 545 800 613 statum,
822 545 857 599 ut
879 561 948 598 mox
970 540 1001 597 in
1024 560 1115 598 unum
1139 559 1244 616 corpus
1266 558 1311 598 re-

196 633 283 690 dacta
307 650 368 690 esse
383 630 543 690 videretur.
573 629 616 688 Et
638 635 755 709 tautum
778 630 891 702 aberat,
913 634 956 701 ut,
980 648 1056 706 quae
1079 628 1121 688 sic
1143 629 1223 689 facta
1239 634 1311 701 erat,

196 719 353 779 concordia
368 719 516 779 amicitiae
531 718 710 778 lentitudine
730 725 761 778 et
783 718 893 795 frigore
916 719 1055 777 turbatae
1077 717 1204 796 speciem
1226 737 1313 794 prae·

195 809 293 880 beret,
324 814 359 867 ut
385 808 456 867 novi
483 808 529 866 illi
550 808 753 867 Romanorum
784 807 871 867 amici
897 807 994 865 crebri
1016 806 1143 883 ingressi
1170 806 1250 866 viam
1273 805 1314 864 ad

195 897 226 956 id
237 904 355 974 tempus
370 895 534 956 tourtam
548 893 628 976 96611
637 891 805 976 Anqloram
816 894 930 974 (Steph.
946 895 1062 954 Eddins
1073 895 1125 954 vit.
1137 895 1237 954 Wilfr.
1250 893 1313 968 HI,

194 986 273 1044 Mab.
289 986 345 1058 IV,
372 987 398 1043 1.
421 1007 450 1063 p.
469 988 546 1063 677)
569 985 664 1063 ipsam
686 985 814 1044 Romam
836 985 953 1062 saepius
976 984 1102 1043 adirent.
1131 984 1202 1061 Ipse
1218 984 1314 1043 Osviu

195 1096 248 1133 rex
270 1075 353 1133 nulla
375 1095 408 1133 re
431 1073 489 1133 nisi
512 1080 607 1133 morte
631 1073 791 1152 impeditus
815 1078 869 1148 est,
892 1073 1049 1150 quominus
1070 1073 1198 1132 Romam
1221 1074 1312 1151 profi·

136 1237 140 1245 ,
196 1164 354 1223 cisceretur
376 1162 473 1239 (Beda
495 1164 523 1221 h.
547 1184 572 1223 6.
597 1163 625 1236 4,
656 1163 684 1236 5,
712 1165 730 1240 ξ
755 1165 841 1239 267),
872 1161 1033 1222 andvalla
1062 1167 1174 1236 autem,
1206 1161 1312 1221 Orien·

194 1251 472 1318 taliumSaxonum
495 1273 548 1311 rex
571 1252 611 1327 (h.
635 1273 659 1310 6.
684 1252 713 1324 5,
738 1254 767 1325 7,
791 1252 809 1329 ξ
834 1252 911 1328 372)
935 1272 1012 1310 6666
1037 1252 1115 1324 688,
1139 1250 1313 1325 (loiuredus,

194 1341 372 1400 Marciorum
388 1361 450 1413 rex,
474 1347 505 1401 et
520 1340 595 1413 Offa,
618 1339 696 1400 filius
713 1339 831 1416 Sigheri
853 1339 932 1417 regis
949 1340 1146 1399 Orientalium
1162 1340 1311 1399 Saxonum

123 1420 127 1440 ’
195 1431 236 1505 (h.
260 1451 284 1488 6.
310 1432 338 1504 5,
364 1431 413 1502 19,
442 1431 459 1507 ξ
484 1431 571 1506 412),
595 1449 672 1489 6666
700 1430 773 1502 709,
803 1428 866 1502 161,
897 1427 1130 1488 Occidentalium
1161 1429 1311 1488 Saxonum

195 1538 249 1577 rex
272 1519 313 1596 (h.
338 1540 362 1577 e.
387 1518 416 1591 5,
440 1520 469 1591 2,
492 1520 510 1596 ᾖ
535 1519 612 1594 373)
636 1538 713 1577 anuo
738 1518 800 1575 725
824 1518 952 1577 Romam
974 1524 1181 1595 pervenerunt.

181 1617 183 1621 ’
283 1607 441 1667 Acerrime
452 1607 547 1684 igitur
559 1607 760 1667 controversia
778 1606 856 1666 inter
867 1606 1010 1666 Britones
1022 1613 1053 1665 61
1063 1604 1188 1683 Anglos,
1201 1606 1313 1686 quippe

196 1696 248 1773 qui
270 1695 338 1755 odio
361 1696 467 1773 gentili
483 1702 581 1755 essent
596 1696 735 1773 separati,
758 1695 907 1755 levissima
930 1702 961 1755 et
983 1695 1067 1755 brevi
1090 1695 1252 1773 composita
1269 1716 1313 1770 ea,

195 1804 271 1863 quae
294 1785 331 1843 de
353 1784 513 1844 levioribus
535 1786 623 1844 rebus
645 1784 726 1843 inter
747 1783 865 1861 Anglos
889 1790 920 1844 61
940 1783 1044 1844 Scotos
1067 1790 1134 1844 orta
1156 1791 1221 1844 erat
1244 1805 1314 1844 666-

194 1874 348 1934 troversia.

282 1961 329 2022 At
351 1962 432 2022 dieat
453 1964 580 2022 fortasse
604 1963 751 2041 quispiam
774 1982 941 2039 repugnare
963 1962 1032 2021 huic
1052 1969 1172 2021 nostrae
1195 1967 1315 2021 666166-

193 2051 254 2111 1166
276 2051 411 2111 Wilfridi
444 2051 641 2111 Eboracensis
672 2051 838 2124 historiam,
870 2057 975 2128 utpote
1006 2071 1065 2128 qua
1094 2051 1317 2111 demonstretur

195 2140 284 2198 etiam
315 2142 395 2199 inter
425 2140 529 2200 Scctos
560 2147 591 2199 et
612 2141 729 2217 Auglcs
759 2139 1048 2208 vehementissimam
1081 2147 1111 2199 et
1140 2140 1316 2199 acerrimam

195 2227 285 2288 fuisse
309 2229 549 2288 controversiam.
579 2229 650 2306 Ipse
665 2228 797 2288 Varinus
820 2230 921 2307 (mem.
941 2229 968 2302 1,
984 2250 1013 2306 p.
1030 2229 1094 2288 212
1111 2231 1188 2305 sqq.)
1203 2230 1315 2288 multas

194 2317 260 2376 11166
284 2317 462 2389 iuimicitias,
486 2337 559 2394 quas
582 2317 748 2387 Wilfridus,
771 2315 823 2397 qai
845 2315 962 2396 6616666
984 2315 1058 2376 inter
1080 2314 1238 2396 episcopor,
1264 2315 1318 2398 qui

194 2405 231 2466 de
260 2401 429 2485 1166166666
456 2413 539 2486 pente
569 2414 674 2476 666661,
706 2402 878 2465 anaeticum
908 2404 1024 2465 (166611
1049 2425 1162 2466 morem
1191 2402 1314 2466 66616616

194 2490 362 2574 6166166666
384 2493 501 2556 tradere
524 2493 625 2555 dedat
648 2495 745 2572 (Beda
767 2495 795 2553 lu
819 2514 843 2552 e.
868 2493 897 2569 4,
922 2496 950 2568 2,
974 2495 1095 2573 ξ257),
1119 2496 1220 2573 666116
1243 2500 1315 2573 6661

194 2583 340 2659 synodum
363 2583 433 2641 anni
458 2584 521 2641 664
545 2584 688 2662 suscepit,
718 2584 867 2661 profectas
891 2604 953 2642 esse
976 2583 1091 2644 6666611
1114 2604 1131 2642 6
1155 2582 1315 2643 Scotorum

194 2671 226 2729 in
241 2671 392 2730 Romanos
415 2671 492 2730 odio.
523 2673 590 2746 Qua
613 2673 649 2731 de
673 2693 761 2731 66666
783 2674 880 2731 facere
903 2693 963 2731 666
978 2693 1105 2750 possum,
1129 2673 1202 2749 quin
1216 2692 1314 2749 66666

194 2761 230 2820 (16
252 2761 304 2820 illa
326 2782 358 2819 re
381 2760 534 2820 disseram.

282 2849 440 2910 Wilfridus
455 2850 556 2927 igitur,
572 2849 693 2921 natione
704 2849 823 2926 Anglus
838 2850 875 2908 de
886 2855 974 2927 gente
985 2851 1014 2911 N
1015 2849 1311 2926 ordanhymbrorum,

194 2940 226 2998 in
256 2939 443 2999 monasteriis
472 2939 589 3017 patriae
619 2960 688 2998 suae
720 2938 853 2998 eruditus
883 2945 959 3013 arat,
990 2940 1042 2998 sed
1074 2938 1105 2996 in
1128 2938 1251 3013 Cautio,
1280 2938 1316 2998 in

196 3026 297 3086 Gallia
320 3028 438 3105 611666
459 3028 565 3099 Roma,
590 3047 678 3103 quam
701 3028 874 3104 peregrinus
898 3027 1026 3101 adierat,
1039 3029 1086 3086 'de
1109 3027 1316 3087 Romanorum

193 3115 325 3174 moribus
350 3116 470 3174 edoctus
493 3115 649 3175 Scotorum
671 3115 803 3175 moribus
825 3117 960 3176 meliores
984 3137 1046 3176 esse
1069 3116 1134 3176 illos
1157 3117 1231 3175 adeo
1256 3117 1316 3177 sibi

193 3211 394 3283 persuaserat,
423 3210 459 3263 ut
488 3223 623 3263 reversus
654 3203 684 3261 in
712 3204 841 3281 patriam
871 3205 951 3264 inter
977 3205 1088 3282 primos
1112 3226 1178 3264 cum
1201 3204 1314 3283 ubique

194 3298 257 3351 tum
281 3293 312 3351 iu
335 3293 447 3370 synodo
470 3292 542 3351 anni
559 3291 623 3351 664
637 3293 788 3353 Romanos
804 3293 1000 3354 admiratione
1017 3295 1180 3354 celebraret
1195 3293 1313 3373 (Steph.

192 3381 270 3440 Edd.
287 3383 339 3442 vit.
351 3383 450 3441 Wilfr.
466 3381 574 3455 I-X;
590 3382 673 3441 Beda
688 3381 716 3439 h.
733 3403 757 3441 e.
776 3384 803 3457 3,
821 3385 894 3456 227,
911 3385 946 3442 cf.
962 3383 1082 3460 Bright,
1097 3404 1127 3462 6.
1146 3384 1206 3442 187
1225 3385 1312 3462 666).

194 3471 270 3529 Eam
293 3471 387 3549 ipsam
411 3472 449 3530 ob
474 3491 592 3530 oausam
615 3469 719 3530 habita
742 3473 853 3547 syuodo
877 3473 989 3531 electus
1012 3478 1065 3545 661,
1090 3471 1141 3549 qui
1157 3472 1314 3551 episcopus

194 3559 390 3618 Eboracensia
420 3559 514 3618 fieret.
567 3558 627 3618 Sed
657 3580 723 3617 cum
752 3560 784 3618 in
814 3559 928 3633 Gallia,
965 3580 1053 3636 quam
1084 3561 1313 3621 consecrationis

194 3667 282 3706 causa
304 3648 446 3725 petierat,
469 3648 581 3707 diutius
603 3655 781 3723 moraretur,
805 3670 858 3707 rex
880 3648 974 3708 Osviu
996 3647 1170 3710 cormeatieros
1191 3647 1241 3721 ias,
1261 3647 1322 3729 qni·

194 3734 498 3818 quarta-decimanona
522 3745 643 3817 portem
669 3745 770 3797 666166
796 3736 873 3798 aedis
900 3735 1075 3817 apostolicae
1100 3735 1232 3819 66661666
1257 3735 1315 3798 sibi

195 3822 335 3905 6119666161
362 3825 451 3902 (Edd.
479 3825 531 3885 vit.
554 3826 653 3885 Wilfr.
677 3826 766 3899 XIV,
789 3847 818 3904 p.
843 3826 920 3903 685)
949 3847 1026 3886 anuo
1058 3830 1120 3886 666
1153 3826 1313 3900 Oeaddam,

195 3911 290 3972 Oeddi
321 3914 486 3992 supradicti
516 3916 652 3987 fratrem,
683 3916 715 3972 in
739 3914 877 3974 Cantium
909 3915 990 3976 misit
1020 3916 1250 3976 consecrandum
1281 3915 1315 3974 in

195 4002 290 4062 locum
320 4003 452 4062 absentis
474 4002 609 4062 Wilfridi
632 4004 728 4078 (Beda
751 4004 779 4061 h.
803 4025 827 4062 e.
853 4005 886 4078 3,
918 4005 972 4077 28,
996 4006 1013 4082 ξ
1038 4005 1111 4078 243,
1143 4006 1178 4063 cf.
1202 4004 1315 4082 Bright

196 4092 257 4148 211
284 4095 351 4167 66.)Ι
384 4092 496 4170 Negari
518 4092 612 4168 igitur
634 4113 694 4150 non
717 4099 817 4171 potest
841 4093 1012 4152 Wilfridum
1035 4095 1099 4153 1666
1123 4114 1175 4153 666
1198 4098 1314 4152 motum

195 4199 258 4239 esse
289 4199 349 4237 non
380 4181 442 4239 6166
473 4201 563 4258 opera
594 4201 710 4254 eorum,
746 4182 799 4258 qui
827 4181 1029 4241 Romanorum
1059 4182 1156 4242 minus
1187 4180 1316 4244 studiosi

196 4274 290 4342 erant,
315 4288 403 4344 quam
426 4271 498 4348 ipse.
531 4268 644 4328 Tamen
659 4271 732 4329 haec
755 4271 854 4329 omnia
877 4291 942 4330 oum
959 4271 1158 4332 controversia
1179 4271 1317 4349 paschali
