3024 4920
566 216 787 274 -35-

183 395 225 453 sic
248 396 358 473 scripta
383 395 523 470 (Betham
545 397 565 452 l.
586 416 609 453 c.
626 416 654 471 p.
671 394 767 452 XXV
784 395 855 471 sq.):
881 389 983 452 XIII
997 414 1074 454 acano
1093 391 1239 457 Tlteotoet‘a'

184 481 376 565 Imperatoris
399 503 418 541 a
436 481 527 543 Celent
527 482 576 542 iao
599 481 734 561 episcopo
750 480 838 582 Papa
859 479 976 542 Rornae
992 480 1139 543 Patricius
1163 483 1234 565 cpis-

183 591 272 672 copas
296 571 337 631 ad
360 571 525 631 doctrinam
548 566 701 630 Scotorum
722 568 1108 653 metaumaucensis
1132 568 1242 631 XLII

184 660 334 739 episcopas
357 680 376 718 a
392 659 482 721 Petro
504 668 588 740 apost
577 657 670 719 tolo
658 680 689 718 m
704 656 971 720 1111110111-
991 656 1148 720 Palladias
1164 660 1236 741 epis·

184 768 272 849 capas
295 748 396 848 primo
419 748 541 808 mittitur
562 748 613 829 qai
634 746 694 807 alio
716 746 830 807 nomine
853 744 1000 806 Patricius
1023 747 1236 831 appellabatur,

183 836 234 937 qai
254 836 431 916 rrtartprdarrc
450 858 557 917 passas
580 846 619 896 est
642 837 724 916 apud
740 834 850 907 Scotos,
874 844 939 895 att
929 837 1049 895 tradam
1071 837 1165 896 sancti
1185 858 1236 897 an-

184 925 262 1006 tiqui.
301 923 417 985 Deinde
433 924 581 985 Patriciae
602 924 743 984 secundas
759 924 797 983 ab
812 921 929 1005 oapaelc'
943 924 991 984 dei
1013 921 1110 984 Victor
1124 925 1239 986 aornim

184 1022 209 1072 et
227 1009 363 1074 Odestino
380 1034 483 1095 papae
496 1013 627 1084 mittitur,
650 1013 698 1072 mi
712 1009 858 1072 Hiberm'a
877 1023 937 1072 tota
953 1013 1084 1086 credidit,
1109 1014 1160 1095 qai
1173 1034 1239 1073 eam

178 1122 276 1180 paene
298 1112 389 1162 totam
412 1102 576 1183 baptizavit.

121 1187 170 1248 10.
186 1189 258 1251 Alia
269 1193 382 1251 leviora
394 1194 430 1250 de
442 1193 552 1250 honore
564 1193 696 1250 Patricio
708 1191 809 1251 debito
820 1191 961 1269 (Betbam
973 1193 991 1249 l.
1000 1213 1023 1250 c.
1032 1214 1060 1269 p.
1069 1191 1238 1268 XXXVI).

122 1279 170 1336 11.
190 1281 281 1354 „Alia
320 1302 416 1359 pauca
455 1282 592 1341 serotinis
632 1281 815 1358 temporibus
857 1282 980 1340 inventa
1014 1282 1133 1357 suisque
1168 1282 1239 1340 locis

184 1370 351 1428 narranda“
379 1376 409 1433 et
436 1371 501 1448 ipsa
530 1371 755 1428 annotationum
782 1390 863 1429 more
887 1370 1054 1446 conscripta
1077 1391 1137 1427 non
1159 1370 1239 1429 vitae

185 1458 274 1535 idque
298 1459 408 1535 partim
424 1459 588 1517 H'ibernico
612 1460 722 1537 partim
746 1460 839 1517 latino
864 1479 998 1516 sermone
1014 1457 1154 1533 (Betham
1178 1460 1197 1516 l.
1215 1479 1238 1517 c.

183 1568 212 1624 p.
237 1546 543 1608 XXXVI-XLIII
568 1555 599 1605 et
621 1548 776 1624 anglicane
798 1547 917 1607 reddita
939 1547 979 1605 ib.
1002 1569 1031 1624 p.
1049 1547 1238 1620 393—4123

183 1639 294 1710 majore
322 1636 478 1713 diligentia
507 1643 538 1695 et
561 1637 641 1694 edita
664 1642 694 1694 et
716 1636 748 1694 in
771 1636 972 1712 Anglicanum
995 1655 1135 1695 conversa
1158 1636 1239 1712 apud

185 1724 301 1797 Stokes,
325 1724 479 1784 Goidelica
503 1726 549 1782 ed.
577 1727 606 1782 2.
641 1725 735 1783 1874.
766 1746 795 1803 p.
819 1725 860 1782 83
885 1726 971 1801 sqq.).
1018 1726 1102 1797 Quae
1126 1745 1143 1782 a
1167 1745 1238 1801 quo·

184 1832 252 1870 nam
276 1814 444 1891 conscripta
467 1815 541 1886 sint,
565 1814 720 1886 nescimus,
744 1833 840 1890 neque
863 1813 1069 1886 Tirechanum,
1092 1820 1127 1871 ut
1149 1815 1239 1890 vulgo

185 1907 320 1978 putatur,
352 1922 447 1979 neque
476 1903 663 1960 Muirchuum
687 1901 807 1976 (Stokes
833 1922 862 1978 p.
887 1901 941 1976 84)
971 1908 1122 1960 auctorem
1150 1902 1239 1960 fuisse

186 1991 256 2047 licet
279 1989 440 2062 affirmare,
472 1992 522 2048 sed
547 1991 664 2066 quando
688 1990 851 2068 composita
875 1990 948 2062 sint,
976 2011 1036 2047 non
1060 1991 1147 2061 latet,
1171 2010 1238 2048 nam

184 2079 305 2136 ineunte
337 2080 452 2137 saeculo
483 2086 588 2137 octavo
619 2079 733 2156 priores
763 2098 824 2136 non
854 2098 917 2136 esse
948 2078 1001 2135 has
1031 2079 1239 2136 annotationes

184 2167 416 2226 luculentissime
439 2169 634 2245 comprobant
657 2168 776 2225 nomina
792 2167 1006 2244 episcoporum,
1030 2166 1066 2225 de
1083 2167 1191 2243 quibus
1205 2166 1241 2225 fit

186 2256 297 2314 mentio
322 2258 370 2331 (ef.
394 2255 502 2316 Stokes
526 2278 555 2334 p.
580 2257 644 2331 83).

208 2346 276 2419 (12)
314 2344 490 2422 ,0111111114
526 2346 574 2404 vel
609 2345 834 2419 „annotationes
866 2342 959 2402 Aidi“
996 2344 1136 2420 (Betham
1167 2346 1185 2403 l.
1215 2365 1239 2402 e.

118 2455 147 2510 p.
170 2432 285 2490 XLIII
309 2437 365 2510 sq.)
389 2434 448 2492 vid.
473 2455 562 2511 supra
585 2454 638 2492 nro
665 2435 691 2490 1.

122 2523 170 2578 12.
187 2522 279 2581 Liber
293 2521 407 2599 Angsli
423 2522 563 2597 (Betham
586 2523 605 2579 l.
629 2543 653 2580 c.
675 2544 703 2600 p.
719 2521 828 2581 XLIV
835 2520 1040 2597 -'XLVIII),
1065 2543 1151 2599 quem
1168 2521 1239 2581 Ske-

185 2612 258 2683 nius,
282 2632 348 2668 cum
372 2611 408 2670 de
432 2633 466 2669 eo
490 2612 581 2670 verba
604 2632 663 2669 11011
679 2611 779 2683 faciat,
802 2610 882 2668 haud
897 2611 957 2668 scio
974 2630 1011 2668 an
1028 2617 1143 2688 partem
1159 2611 1240 2669 vitae

186 2700 333 2758 Muirchui
361 2700 549 2775 judicaverit.
596 2698 686 2758 Certo
718 2699 870 2774 cujusdam
900 2699 969 2756 libri
999 2720 1069 2775 pars
1093 2708 1150 2771 est,
1181 2718 1240 2757 non

185 2789 249 2864 ipse
272 2789 390 2865 integer
413 2789 534 2865 quidam
557 2788 688 2859 libellus,
717 2807 813 2863 neque
837 2789 873 2844 de
896 2787 1022 2844 Patricii
1045 2788 1108 2846 vita
1131 2788 1161 2844 in
1185 2788 1241 2844 hoc

185 2876 262 2935 libro
294 2879 452 2953 quicquam
479 2878 557 2934 inest
580 2877 638 2934 nisi
660 2895 821 2945 sermones,
853 2894 926 2950 quos
950 2894 1015 2932 cum
1039 2877 1144 2951 angelo
1169 2894 1239 2951 quo·

186 2965 254 3022 dam
278 2965 428 3023 Patricius
455 2965 592 3022 habuisse
621 2963 731 3022 dicitur
754 2969 785 3020 et
808 2962 867 3020 alia
889 2962 1047 3022 maximam
1070 2964 1101 3020 in
1124 2969 1240 3041 partem

186 3053 308 3110 leviora.

208 3141 257 3198 Ex
278 3141 323 3198 his
346 3140 383 3198 de
398 3140 530 3206 Patricio
552 3140 728 3199 testimoniis
745 3161 787 3212 ea,
812 3160 887 3216 quae
905 3140 933 3213 5,
959 3142 987 3213 6,
1013 3143 1040 3212 7,
1065 3141 1094 3212 8,
1120 3142 1159 3199 10
1177 3143 1240 3200 1010

120 3230 286 3308 posuimus,
321 3229 364 3286 nil
398 3230 539 3288 momenti
570 3229 697 3288 afferunt
729 3249 823 3305 eaque
853 3229 889 3286 de
921 3248 1009 3287 causa
1039 3231 1240 3306 neglegentur.

120 3319 275 3378 Postrema
291 3326 390 3378 autem
407 3326 535 3395 quatuor
546 3318 664 3376 illarum
676 3317 901 3376 annotationum
913 3337 1004 3394 supra
1016 3319 1070 3376 sub
1084 3319 1102 3374 2
1116 3338 1240 3376 comme·

120 3415 301 3468 moratarum
325 3408 381 3467 etsi
396 3407 564 3465 Patricium
587 3406 746 3483 aliquando
762 3405 876 3464 Romae
899 3406 990 3464 fuisse
1006 3405 1100 3478 docet,
1116 3441 1153 3449 —
1172 3427 1241 3464 nam

120 3496 162 3553 ibi
191 3497 391 3555 Feredachum
423 3496 571 3573 quendam
602 3515 620 3552 a
647 3494 780 3553 Patricio
809 3495 841 3552 in
872 3494 1058 3553 sacerdotum
1089 3514 1241 3554 numerum

121 3591 271 3659 receptum
295 3607 357 3644 esse
380 3591 484 3644 narrat
510 3619 547 3627 —
573 3590 672 3643 tamen
696 3590 727 3642 11
749 3583 828 3661 ipsa,
860 3583 930 3659 quia
954 3584 1104 3642 obscurior
1128 3589 1181 3656 est,
1212 3590 1243 3642 et

121 3672 328 3733 antecedentes
351 3679 412 3732 tres
434 3673 599 3733 levissimae
622 3672 726 3732 itidem
749 3671 951 3748 neglegendae
971 3676 1047 3730 sunt.
1085 3673 1189 3749 Neque
1206 3672 1242 3730 de

122 3761 198 3819 libro
221 3760 333 3836 Angeli
361 3763 448 3838 plura
480 3762 587 3828 dicam,
619 3761 689 3837 quia
719 3761 762 3817 nil
793 3761 934 3819 momenti
964 3760 1052 3819 affert
1079 3761 1116 3819 ad
1140 3761 1241 3819 adum·

121 3849 266 3907 brendam
297 3849 423 3907 Patricii
452 3851 554 3909 vitam.
600 3848 690 3908 Certo
721 3869 792 3907 vero
823 3869 882 3906 non
912 3849 1050 3926 impedit,
1086 3849 1242 3924 quominus

121 3937 286 3996 Patricium
302 3937 416 3995 Romae
439 3938 529 3997 fuisse
549 3945 695 4017 putemus,
719 3958 788 3995 nam
803 3937 891 3995 finxit
906 3939 955 3995 vel
970 3939 1061 3995 refert
1076 3936 1242 3996 Patricium

122 4023 277 4086 decreuisse
301 4047 401 4085 omnes
425 4047 528 4087 causas
550 4027 703 4103 graviores
725 4024 767 4084 ad
788 4024 884 4099 sedem
899 4034 1002 4125 aposto
973 4022 1090 4085 tolc'cam
1104 4044 1163 4086 esse
1177 4024 1241 4084 mit-

122 4113 258 4175 t'eados
245 4135 264 4173 e.
280 4133 303 4174 e
321 4113 363 4173 ad
377 4110 460 4173 Petri
473 4111 600 4197 apostoli
621 4111 791 4174 cathedram
812 4134 868 4172 aac
868 4113 1011 4180 toritatem
1026 4111 1142 4174 Rornae
1162 4112 1243 4173 urbis

111 4202 206 4305 finem
229 4198 312 4284 (.)(
260 4203 441 4281 B)(etham
464 4203 512 4278 H,
540 4225 607 4281 app
630 4225 659 4281 p.
682 4202 848 4279 XLVIII).
894 4202 1001 4279 Itaque
1032 4203 1068 4261 de
1096 4203 1243 4261 Muirchui

123 4293 198 4366 vita,
222 4293 258 4351 de
281 4292 370 4352 dictis
392 4292 533 4367 Patricii,
563 4292 600 4350 de
624 4291 782 4350 Tirechani
806 4297 930 4351 annotat
932 4291 1061 4365 ionibus,
1093 4293 1129 4351 de
1152 4311 1241 4350 anno·

993 4393 1029 4447 3*
