3024 4920
642 212 861 278 ..16⁶

193 420 222 476 p.
239 395 325 475 208).
355 395 534 474 Ubicunque
550 397 627 456 enim
650 397 793 475 perfectio
818 397 977 457 christiana
1000 396 1031 456 in
1055 395 1132 459 votis
1155 394 1310 459 monacho·

193 508 259 546 rum
284 493 418 546 constare
440 487 560 546 videtur
583 488 631 562 (of.
656 507 747 564 supra
770 508 831 562 syn.
855 487 928 545 Luc.
952 487 1031 548 Vict.
1055 487 1125 564 IX),
1160 489 1204 548 ibi
1227 509 1311 567 supe-

192 577 302 635 riorum
326 576 472 653 graduum
495 576 595 635 clerici
616 576 648 635 in
672 575 868 635 matrimoniis
894 576 995 636 vivere
1018 577 1067 635 vix
1090 585 1223 655 possunt.
1258 575 1311 636 An

192 666 262 726 licet
285 666 438 744 episcopos
460 665 558 725 minus
580 666 727 743 perfectos
756 685 819 724 esse
846 685 934 741 quam
958 666 1138 725 monachos?
1173 667 1311 726 Profecto

193 776 252 814 non
280 755 381 829 licuit,
414 775 483 814 nam
511 755 688 831 simulatque
715 755 826 832 duplex
853 755 974 814 vivendi
1001 776 1121 829 norma,
1155 755 1228 815 haec
1250 776 1311 814 mo·

193 843 361 918 nachorum,
384 844 437 903 illa
453 844 586 918 aliorum,
609 845 640 902 in
656 843 808 903 ecclesiam
823 848 943 922 recepta
959 850 1013 917 est,
1035 845 1101 903 fieri
1124 866 1183 904 non
1203 845 1311 924 potuit,

195 935 267 1011 quin
283 953 350 992 mox
366 934 505 993 ecclesiae
525 933 695 993 doctoribus
718 933 877 1006 videretur,
901 939 936 991 ut
958 934 1144 1012 superiorum
1167 935 1312 1012 gradimm

193 1023 291 1082 clerici
314 1044 332 1082 a
356 1024 492 1101 conjugio
516 1025 572 1097 vel,
596 1023 622 1082 si
645 1028 734 1082 antea
756 1042 862 1082 uxores
884 1023 1046 1097 duxerant,
1070 1045 1088 1082 a
1112 1024 1223 1083 carnali
1246 1043 1312 1082 cum

193 1113 368 1190 conjugibus
391 1113 595 1172 communione
618 1112 812 1172 abstinerent.
857 1110 917 1171 Sed
937 1116 1000 1188 jam
1023 1113 1096 1172 satis
1119 1119 1164 1172 est
1187 1113 1311 1172 medita-

193 1203 320 1276 tionum,
351 1203 505 1262 redeamus
533 1203 571 1261 ad
599 1201 727 1261 Gildam.
773 1202 853 1276 Quid
882 1202 939 1260 sibi
962 1201 1073 1261 vellent
1095 1204 1200 1275 verba,
1236 1222 1312 1279 quae

133 1350 135 1357 ,
193 1292 281 1351 Pauli
304 1292 431 1369 apostoli
453 1291 512 1350 illis
536 1294 566 1368 (1
593 1290 669 1352 Tim.
693 1293 722 1364 3,
746 1291 779 1368 4)
802 1292 838 1350 de
862 1292 922 1350 suis
946 1291 1062 1351 eddidit
1084 1291 1199 1350 dicens:
1226 1311 1313 1372 „erqo

192 1379 361 1463 imperfecta
384 1389 424 1441 est
445 1389 566 1463 potrum
588 1379 714 1451 castitas,
738 1379 764 1439 si
786 1378 879 1440 Muri
900 1388 926 1440 et
947 1399 1007 1439 uou
1018 1379 1154 1464 filiorum
1177 1401 1310 1440 occumu-

193 1468 275 1530 lctur.
320 1467 382 1529 sed
411 1468 482 1551 quid
510 1468 575 1541 erit,
609 1467 660 1528 ubi
689 1488 739 1528 uec
754 1477 845 1550 poter
873 1487 924 1528 uec
943 1466 1041 1552 filius,
1075 1467 1150 1530 cmii
1175 1468 1312 1552 partious

194 1556 325 1637 exemplo
344 1567 486 1638 pravatus
509 1556 684 1641 conspicitur
706 1566 823 1618 costrss“
851 1558 923 1635 quid
946 1559 1003 1617 sibi
1025 1561 1149 1631 vellent,
1183 1561 1312 1636 inquam,

194 1649 265 1707 haec
288 1649 395 1721 verba,
417 1648 475 1706 nisi
499 1647 604 1707 Gildas
628 1648 839 1708 abstinentiam
861 1649 1025 1726 postularet
1048 1670 1066 1707 a
1090 1649 1312 1708 sacerdotibus?

194 1737 390 1812 „Castitatem
419 1735 683 1797 matrimonialem“
707 1758 795 1813 quam
817 1736 982 1795 Lutherum
1006 1737 1179 1796 Hermanno
1201 1739 1312 1797 Berus-

194 1847 293 1886 sorum
316 1825 384 1884 duci
407 1827 533 1886 suasisse
549 1830 674 1899 constat,
698 1846 786 1902 quam
802 1825 991 1904 Paphnutius
1006 1826 1037 1885 in
1053 1828 1164 1904 synodo
1181 1828 1312 1888 Nicaena

194 1916 329 1975 laudasse
352 1915 490 1989 traditur,
507 1914 622 1989 Gildae,
646 1915 756 1993 quippe
780 1916 831 1992 qui
854 1915 1057 1993 virginitatem
1080 1917 1201 1976 maximi
1224 1916 1311 1976 aesti-

194 2005 336 2079 maverit,
371 2005 403 2063 in
431 2005 528 2064 animo
556 2006 646 2065 fuisse
670 2005 742 2063 mihi
765 2005 943 2083 persuadere
967 2027 1026 2064 non
1049 2026 1175 2083 possum.
1221 2006 1312 2064 Prae·

194 2101 275 2153 terea
291 2115 327 2152 ex
342 2095 405 2153 loco
421 2095 549 2170 quodam
565 2097 688 2155 obscuro
705 2093 823 2169 (Gildas
840 2116 884 2172 ep.
900 2097 978 2173 ξ66,
994 2116 1022 2172 p.
1034 2097 1085 2167 72,
1102 2115 1168 2154 vers
1182 2095 1311 2167 7—11)‚

195 2204 283 2260 quem
307 2185 474 2243 accuratius
498 2184 645 2261 explicare
670 2184 792 2259 longum
816 2190 869 2255 est,
901 2182 932 2240 id
955 2183 1073 2257 quidem
1096 2183 1198 2260 procul
1223 2181 1312 2239 dubio

195 2274 314 2332 videtur
329 2292 414 2351 posse
430 2273 529 2348 colligi
552 2271 719 2331 sacerdotes
742 2273 916 2349 plerumque
939 2270 970 2330 iu
994 2270 1094 2329 eadem
1119 2271 1206 2329 domo
1228 2269 1312 2328 habi·

195 2369 273 2422 tasse
290 2383 355 2421 cum
371 2361 520 2420 sororibus
536 2361 583 2419 vel
607 2360 760 2434 matribus,
783 2359 878 2435 iisque
901 2363 1004 2418 contra
1026 2360 1072 2419 fas
1095 2360 1224 2437 expulsis
1248 2379 1312 2418 cum

195 2449 318 2512 emersis
333 2446 463 2520 auciilis;
479 2484 519 2496 —
536 2451 573 2508 de
589 2449 763 2526 conjugibus
778 2469 848 2508 vero
864 2448 894 2507 in
910 2448 966 2508 hoc
984 2449 1048 2507 loco
1069 2449 1111 2507 nil
1134 2450 1221 2511 inest.
1251 2449 1312 2507 Ita·

196 2561 253 2617 que
269 2539 326 2598 etsi
341 2538 482 2598 confiteor
497 2559 560 2597 rem
576 2539 759 2615 argumentis
775 2538 847 2597 satis
861 2538 975 2598 idoneis
990 2537 1046 2596 hoo
1061 2539 1125 2597 loco
1140 2538 1236 2599 adhuc
1253 2558 1313 2596 non

195 2650 281 2709 posse
305 2628 472 2687 confirmari
496 2629 544 2705 (cf.
568 2628 658 2705 infra)
681 2633 780 2689 tamen
810 2628 954 2705 suspicari
980 2627 1050 2686 lieet
1072 2627 1152 2706 apud
1175 2628 1314 2686 Britones

91 2770 93 2774 .
196 2718 310 2777 clericis
324 2718 382 2776 nisi
397 2717 427 2774 in
443 2717 633 2776 inferioribus
648 2717 790 2794 gradibus
813 2738 867 2795 per
889 2717 970 2794 leges
992 2736 1051 2775 non
1074 2717 1191 2776 licuisse
1214 2717 1314 2776 vivere

196 2809 227 2867 in
250 2807 453 2869 matrimoniis.
498 2807 609 2866 Illicita
639 2813 738 2865 autem
766 2812 796 2865 et
818 2806 974 2883 illegitima
998 2806 1185 2865 matrimonia
1207 2806 1312 2864 nihilo-

191 2898 292 2956 minus
313 2918 454 2975 persaepe
476 2901 628 2957 contraota
652 2916 714 2956 esse
737 2895 946 2974 suspicandum
970 2900 1053 2967 esset,
1078 2895 1193 2954 etiamsi
1209 2893 1314 2953 Gildas

196 2988 238 3045 nil
261 2987 297 3044 de
319 2988 373 3044 hae
403 3007 435 3045 re
459 2987 577 3045 diceret.
624 2985 683 3044 Sed
714 2983 819 3044 Gildas
848 2985 968 3044 minime
998 2984 1116 3045 silentio
1146 2985 1221 3043 hanc
1252 3003 1313 3042 rem

196 3074 359 3154 praeteriit.
405 3075 500 3132 Immo
530 3094 601 3134 vero
631 3075 694 3151 ipse
724 3075 810 3132 tostis
840 3079 900 3147 est,
934 3073 1024 3132 fuisse
1053 3079 1124 3133 tunc
1147 3073 1314 3133 sacerdotes

197 3164 305 3241 quibus
326 3164 425 3242 plures
448 3182 554 3221 uxores
578 3168 684 3222 essent.
729 3161 806 3222 Nam
833 3160 952 3234 „uuicu‚
985 3162 1083 3239 inquit
1111 3164 1169 3240 (ep.
1194 3164 1211 3240 ξ
1239 3162 1314 3237 108)

197 3251 297 3312 iccoris
326 3249 459 3311 oirum“!
491 3246 593 3326 „Quid
619 3250 661 3310 itu
683 3249 766 3333 apicii
787 3269 838 3309 uos
859 3269 970 3332 quoquc
992 3250 1196 3322 contemuitur,
1231 3247 1316 3330 quasi

196 3363 254 3402 riou
276 3340 435 3412 audiretur,
458 3337 502 3401 oei
523 3339 602 3400 idem
624 3338 717 3401 dicere
740 3348 765 3398 et
787 3340 837 3418 [an
861 3333 997 3418 dicerni]
1019 3339 1116 3399 cirum
1137 3346 1291 3400 ucorum.‘⁶

286 3432 369 3505 Quae
386 3451 450 3490 cum
471 3430 515 3490 ita
538 3430 606 3501 sint,
630 3430 788 3488 Britonum
812 3430 963 3488 ecclesiam
986 3430 1041 3488 hac
1065 3429 1192 3489 secunda
1215 3432 1314 3488 aetate

198 3543 215 3580 a
239 3521 384 3578 communi
415 3520 554 3578 ecclesiae
585 3519 794 3577 consuetudine
825 3519 955 3578 moribus
983 3520 1030 3578 vel
1058 3518 1116 3576 fide
1144 3518 1315 3578 dissensisse

198 3610 292 3668 adhuc
316 3630 375 3668 uon
398 3609 507 3680 habeo,
539 3607 646 3685 quibus
670 3609 864 3686 comprobem.
910 3607 1064 3667 Ebrardus
1088 3607 1246 3667 Britonum
1269 3628 1313 3665 ec·

198 3698 314 3757 alesiam
346 3704 514 3758 sanctorum
545 3698 641 3756 cultus
672 3703 822 3775 expertem
845 3697 936 3756 fuisse
959 3695 1095 3756 affirmat.
1141 3696 1238 3773 Atqui
1261 3696 1314 3754 du-

198 3789 280 3846 bium
310 3794 356 3847 est
383 3809 422 3846 an
445 3785 566 3846 Gildam
600 3786 706 3864 legerit
730 3788 777 3863 (cf.
794 3807 883 3866 supra
905 3809 934 3865 p.
951 3787 979 3859 8,
996 3787 1082 3864 not).
1129 3786 1205 3847 Nam
1228 3786 1316 3844 aliter

197 3898 259 3935 rem
289 3898 352 3937 sese
381 3877 490 3936 habere
514 3875 618 3936 Gildas
648 3882 693 3935 est
722 3876 808 3936 testis
840 3878 888 3951 (cf.
911 3874 979 3954 hist.
1011 3876 1028 3953 ξ
1055 3876 1104 3949 28,
1128 3897 1157 3954 p.
1183 3875 1238 3934 37:
1262 3874 1315 3934 deo

193 3964 328 4048 pumum
344 3961 632 4047 jure(quc)juruucio‚
655 3973 821 4026 sciurorum
836 3964 954 4025 domm
969 3960 1070 4024 cloria
1087 3966 1123 4022 cf.
1139 3965 1207 4024 hist.
1224 3966 1242 4042 ξ
1262 3964 1314 4039 10)

198 4075 294 4132 neque
310 4058 465 4115 obscurum
486 4061 531 4114 est
553 4055 714 4133 permultas
737 4056 769 4114 in
784 4053 943 4113 Britannia
965 4054 1055 4112 fuisse
1079 4061 1245 4113 sanctorum
1269 4073 1314 4110 ec·

199 4144 302 4204 clesias
326 4146 373 4222 (cf.
397 4145 436 4203 H.
461 4143 519 4203 and
542 4143 586 4204 St.
610 4143 636 4218 I,
659 4166 687 4221 p.
705 4146 745 4202 37
770 4164 812 4220 sq.
837 4150 868 4202 et
889 4142 973 4201 Beda
997 4142 1025 4201 h.
1049 4163 1072 4201 e.
1092 4145 1118 4215 1,
1144 4140 1193 4215 26,
1217 4141 1314 4219 556).

287 4235 406 4312 Neque,
429 4232 559 4293 utillud
582 4254 699 4310 quoque
722 4232 852 4291 Ebrardi
877 4231 1050 4310 figmentum
1073 4231 1199 4304 diluam,
1223 4230 1315 4288 ullum

200 4330 298 4383 exstat
325 4323 541 4395 testimonium,
573 4322 652 4398 quod
680 4322 852 4399 comprobet
883 4321 1046 4380 doctrinam
1075 4320 1111 4378 de
1139 4319 1316 4378 eucharistia
