3024 4920
587 196 804 254 ..53-

132 399 220 455 quam
235 377 409 451 Patricium,
433 376 560 453 denique
584 379 695 433 certum
720 395 785 433 mea
809 376 926 452 quidem
951 376 1098 434 sententia
1123 377 1252 452 aliquam

133 488 262 545 unquam
285 467 418 525 Patricio
442 487 508 525 cum
532 465 675 524 Romanis
698 464 788 524 fuisse
812 466 1061 525 consuetudinem.

221 557 304 634 Ergo
329 557 400 633 quid
424 555 543 628 mirum,
574 554 654 629 quod
684 573 779 629 neque
806 554 837 611 in
860 555 987 614 Patricii
1014 554 1132 634 scriptis
1156 575 1252 632 neque

132 646 204 704 alibi
227 646 386 721 quicquam
411 645 548 717 occurrit,
574 643 652 720 quod
676 643 912 720 antiquissimam
929 643 1084 703 Scotorum
1101 644 1252 703 ecclesiam

132 755 197 794 cum
228 734 377 808 Romana,
412 734 509 809 qualis
539 740 610 792 tunc
642 737 719 804 erat,
755 753 814 790 non
845 733 876 790 in
908 733 1044 792 omnibus
1072 734 1252 793 consensisse

132 824 318 902 comprobet!

221 911 280 970 Sed
314 933 351 970 ne
385 911 533 990 quispiam
564 901 655 989 ‘putet
690 911 727 968 ad
762 911 917 970 obscuram
956 918 1046 988 atque
1086 918 1252 970 contortam

131 1002 258 1061 Patricii
281 1001 435 1060 historiam
458 1000 554 1060 redire
579 1000 782 1078 quaestionem
805 1000 842 1059 de
865 1001 1089 1077 antiquissimae
1114 1001 1252 1059 ecclesiae

132 1093 288 1151 Scotorum
311 1097 418 1149 natura
442 1097 472 1148 et
495 1090 638 1162 moribus,
674 1095 839 1147 extremum
862 1089 936 1147 illud
965 1091 1016 1162 sit,
1052 1097 1086 1148 ut
1109 1096 1252 1167 repetam,

132 1201 207 1257 quae
230 1200 320 1258 supra
339 1183 402 1256 jam
426 1179 534 1238 similia
557 1179 627 1236 dixi.
658 1178 745 1237 Licet
759 1177 829 1236 ficta
851 1178 890 1237 sit
906 1178 1047 1258 Prosperi
1064 1179 1100 1236 (16
1117 1179 1252 1236 Palladio

131 1269 275 1341 narratio,
299 1269 370 1328 licet
393 1288 544 1346 nunquam
567 1267 716 1326 Patricius
740 1267 770 1325 in
794 1267 898 1340 Italia,
922 1289 1073 1346 nunquam
1097 1269 1128 1325 in
1154 1267 1253 1325 Gallia

130 1359 234 1431 fuerit,
264 1363 364 1416 tamen
396 1358 466 1433 quia
488 1356 644 1415 Britonem
675 1377 740 1414 eum
763 1356 853 1416 fuisse
886 1363 1014 1430 constat,
1047 1356 1253 1433 antiquissima

131 1447 287 1506 Scotorum
312 1448 441 1519 ecclesia,
465 1467 554 1522 quam
577 1447 625 1504 ille
649 1447 680 1503 in
703 1446 851 1504 Hibernia
875 1447 1043 1519 constituit,
1068 1448 1105 1505 ab
1130 1446 1253 1504 ecclesia

131 1537 266 1595 Romana
290 1536 445 1596 dissentire
468 1555 526 1594 non
550 1535 658 1613 potuit.
705 1535 813 1612 Itaque
837 1535 888 1612 qui
911 1536 1002 1595 fuerit

176 1801 331 1868 secundae
354 1800 508 1867 ecclesiae
531 1799 688 1866 Scotorum
713 1800 824 1868 aetatis
849 1800 950 1866 status
974 1800 1207 1867 ecclesiasticus

128 1985 191 2057 jam
219 1981 304 2039 nobis
329 1980 512 2056 quarendum
542 1985 599 2053 est,
622 2001 665 2038 -ac
692 1980 821 2058 primum
850 1980 982 2055 quidem,
1013 1986 1047 2039 ut
1075 2000 1165 2059 supra
1190 1984 1252 2056 jam

132 2070 267 2144 diximus,
292 2069 493 2146 quaerendum
517 2089 553 2126 ex

383 2262 544 2329 columbae
568 2262 689 2330 abbatis
714 2262 842 2330 Hiiensis
867 2262 1000 2329 historia.

131 2428 178 2486 De
202 2426 359 2500 Columba,
395 2427 502 2485 abbate
526 2425 644 2485 Hiiensi
675 2426 726 2485 vix
756 2427 843 2503 plura
873 2432 1021 2499 constare,
1058 2447 1145 2504 quam
1177 2447 1253 2502 quae

130 2516 215 2575 Beda
238 2523 373 2574 narraret
397 2515 437 2591 (h.
455 2536 478 2573 6.
496 2517 524 2589 3,
542 2516 561 2572 4
586 2521 617 2574 61
642 2515 669 2587 3,
688 2514 728 2571 25
754 2516 789 2572 cf.
808 2514 835 2587 5,
854 2515 886 2590 9)
903 2513 1067 2574 Schoellius
1092 2516 1122 2572 in
1146 2515 1251 2574 disser-

132 2605 246 2665 tatione
269 2624 323 2663 sua
348 2610 502 2663 censuerat
526 2607 566 2682 (p.
584 2606 647 2680 61),
671 2610 776 2681 postea
792 2603 926 2680 (Herzog
942 2604 978 2662 R.
995 2604 1030 2662 Ε.
1049 2606 1076 2678 2,
1095 2605 1172 2681 788)
1188 2605 1252 2682 ipse

132 2695 248 2754 addidit
270 2694 364 2753 vitam
388 2693 549 2753 Columbae
573 2695 611 2752 ab
634 2691 823 2765 Adamnano,
856 2697 886 2750 et
914 2693 978 2770 ipso
1003 2694 1110 2753 abbate
1135 2693 1253 2752 Hiiensi

132 2785 274 2860 (era-7
280 2784 321 2841 04
338 2784 377 2840 H.
395 2783 453 2842 and
470 2782 513 2842 St.
529 2782 572 2856 ΙΙ,
593 2785 618 2856 1,
635 2803 663 2859 p.
684 2781 768 2858 135),
792 2781 989 2859 conscriptam
1006 2781 1088 2856 (Act.
1106 2780 1158 2840 SS.
1174 2781 1252 2840 Boll.

131 2873 196 2933 Juli
214 2874 241 2944 9,
257 2893 286 2949 p.
306 2873 367 2929 197
385 2892 449 2948 sqq.
466 2878 496 2930 et
512 2871 605 2946 alibi),
630 2887 719 2945 quam
739 2882 828 2928 antea
851 2874 974 2947 propter
996 2871 1120 2942 fabulas,
1145 2868 1253 2946 quibus

132 2962 277 3034 abundat,
308 2957 487 3017 Adamnano
518 2959 682 3023 attribuere
712 2958 911 3018 dubitaverat.
964 2958 1006 3016 Et
1041 2959 1153 3036 optimo
1185 2962 1252 3034 jure

132 3051 261 3128 priorem
285 3068 367 3106 suam
391 3049 567 3106 sententiam
584 3047 748 3106 Schoellius
765 3047 910 3125 deposuit.
941 3046 1029 3107 Licet
1045 3047 1123 3106 enim
1139 3047 1251 3106 Adam·

132 3158 227 3198 nanus
257 3143 371 3197 tantam
402 3138 489 3196 fidem
521 3137 670 3196 miraculis
701 3137 886 3213 adjunxerit,
918 3144 952 3196 ut
974 3139 1021 3197 vel
1052 3138 1188 3197 absurdis
1219 3158 1252 3196 ac

131 3230 220 3308 plane
251 3227 361 3305 ineptis
392 3229 481 3286 rebus
511 3227 639 3304 gaudeat
670 3227 707 3298 (e.
728 3248 755 3303 g.
774 3228 802 3300 2,
821 3226 871 3298 53,
895 3247 924 3304 p.
943 3227 1033 3302 217),
1053 3262 1095 3270 -
1120 3227 1191 3302 quid
1214 3228 1252 3284 ad

132 3317 214 3377 rem?
252 3317 358 3378 Nonne
394 3317 471 3375 idem
506 3316 617 3392 ubique
653 3322 683 3372 61
713 3315 793 3394 apud
822 3334 924 3372 omnes
958 3316 1019 3373 fere
1051 3317 1113 3390 ejus
1144 3315 1252 3374 aetatis

132 3409 290 3485 scriptores
315 3405 462 3464 occurrit?
497 3405 547 3464 An
572 3404 677 3463 ceteris
705 3403 881 3463 eruditiores
909 3408 995 3461 erant
1018 3401 1112 3476 Secti,
1143 3402 1252 3462 diversi

134 3495 222 3553 etiam
250 3495 302 3553 1116
330 3515 361 3552 re
390 3497 427 3554 ab
451 3495 587 3553 omnibus
615 3494 746 3569 ejusdem
774 3493 881 3551 aetatis
912 3491 1100 3552 hominibus?
1134 3492 1252 3552 Revera

134 3583 308 3656 Schoellius,
334 3603 399 3641 cum
424 3583 662 3643 dissertationem
686 3603 767 3641 suam
792 3582 1005 3654 conscriberet,
1037 3583 1110 3640 talia
1133 3582 1252 3642 videtur

134 3672 279 3750 cogitasse
309 3691 403 3747 neque
427 3673 522 3732 adbuc
545 3672 632 3730 hodie
656 3673 777 3745 desunt,
814 3671 865 3747 qui
896 3671 1018 3730 eandem
1049 3672 1153 3730 falsam
1184 3691 1251 3748 per·

133 3762 298 3821 suasionem
323 3760 379 3818 sibi
402 3762 561 3820 induerint.
592 3760 727 3839 Eaipsa
751 3761 786 3819 de
803 3779 889 3819 causa
913 3760 948 3818 de
972 3759 1017 3818 his
1034 3761 1125 3819 verba
1148 3759 1253 3818 fecisse

133 3851 213 3909 haud
237 3851 275 3909 ab
299 3869 331 3906 re
354 3849 437 3907 duco.
483 3850 731 3909 Luculentissime
747 3849 824 3907 enim
841 3855 871 3907 61
886 3847 1033 3907 Muirchui
1050 3850 1113 3907 vita
1128 3848 1251 3906 Patricii

134 3945 164 3999 61
191 3938 362 3998 Adamnani
389 3938 453 3997 vita
476 3938 651 4011 Columbae,
686 3939 788 3997 eodem
816 3939 875 3995 fere
903 3943 1035 4016 tempore
1063 3937 1251 4015 compositae,

133 4030 340 4088 demonstrant
362 4026 466 4086 Scotos
490 4029 590 4087 eadem
620 4027 708 4087 fuisse
733 4026 921 4100 credulitate,
946 4026 1060 4099 eodem,
1091 4047 1128 4084 ne
1156 4027 1251 4084 dicam

133 4121 253 4194 majora,
277 4117 485 4175 miraculorum
508 4138 608 4176 amore
624 4123 654 4176 61
674 4116 781 4190 616(116,
805 4121 895 4193 atque
919 4135 1019 4174 omnes
1043 4114 1121 4174 illius
1145 4115 1252 4174 aetatis

133 4208 317 4267 christianos.

222 4296 268 4354 De
292 4295 397 4354 ceteris
421 4300 519 4352 autem
543 4293 704 4354 Columbae
727 4293 798 4353 vitis
814 4314 832 4352 a
848 4293 980 4370 Colgano
998 4291 1098 4368 (Trias
1114 4291 1251 4368 Thaum.)
