3024 4920
583 215 803 275 ..·31..

135 395 177 458 ad
206 389 306 459 Saotos
339 396 370 458 ia
404 395 551 479 Ubartum
581 395 724 457 medentes
753 395 905 457 ordinatus
935 417 955 454 a
977 416 1066 476 papa
1096 393 1252 457 Caelestino

136 486 292 548 Palladias
301 487 422 568 pamas
438 486 588 568 episcopas
602 485 731 559 mittatur,
748 492 779 546 et
789 507 883 563 usque
896 487 934 545 ad
945 487 1023 545 hunc
1034 487 1130 564 ipsum
1143 506 1252 545 annum

135 581 292 638 barbaram
316 578 406 636 fuisse
422 578 586 636 Hiberniae
609 576 735 635 insulam
758 576 835 634 idem
859 576 987 654 scriptor
1008 581 1138 635 testatur
1153 577 1253 635 dicens

135 670 241 743 (contr.
258 668 332 727 Call.
355 666 439 725 XXI
462 688 508 744 op.
524 667 549 740 I,
571 687 599 743 p.
620 668 690 724 197.
729 667 768 724 H.
793 667 852 724 and
868 665 911 725 St.
932 667 957 738 I,
980 688 1008 743 p.
1029 667 1093 742 16):
1118 663 1252 725 matinata

135 754 229 817 Suara
252 755 385 837 episcopo
403 755 611 835 [Caelestinus]
636 754 708 814 dam
724 751 895 815 Romanam
910 752 1036 814 iserniam
1053 755 1253 832 [Britanniam

136 849 172 904 cf.
195 867 273 924 supr.
297 868 326 923 p.
353 847 404 924 10]
429 844 521 904 studet
548 863 662 904 sanare
684 841 868 915 catholicam,
888 841 963 924 facit
985 842 1071 902 etiam
1094 842 1253 903 barbaram

135 933 330 995 christianam.
370 934 452 1008 Quae
468 935 617 1012 Prosperi,
640 940 745 1012 utpote
762 933 923 993 Caelestini
946 934 1086 1010 aequalis,
1111 933 1147 991 de
1164 935 1252 992 misso

135 1025 271 1084 Palladio
295 1025 427 1083 narratio
451 1025 509 1082 fide
533 1024 651 1101 dignior
674 1044 735 1083 esse
753 1023 823 1082 mihi
839 1023 966 1096 videtur,
992 1042 1080 1100 quam
1097 1043 1173 1099 quae
1189 1029 1254 1082 tota

135 1115 230 1192 possit
259 1113 359 1173 vocari
389 1114 419 1172 in
447 1113 663 1173 dubitationem
693 1112 805 1190 (Sahiill
832 1135 861 1191 p.
887 1115 927 1170 77
958 1113 993 1170 cf.
1017 1132 1107 1190 supra
1134 1134 1162 1190 p.
1190 1112 1253 1187 24).

135 1204 196 1262 Uni
213 1223 282 1280 ergo
299 1203 461 1262 Hiberniae
477 1203 611 1280 apostolo
628 1223 692 1261 cum
710 1203 846 1279 episeopo
858 1201 994 1260 Romano
1011 1202 1253 1260 consuetudinem

135 1294 224 1352 fuisse
255 1298 378 1351 constat.
424 1291 541 1351 Infecta
571 1313 602 1351 re
630 1292 713 1351 illum
740 1312 799 1350 uno
822 1296 974 1351 trausacto
997 1311 1074 1350 anno
1097 1291 1254 1350 revertisse

135 1383 307 1460 Prosperus,
331 1402 418 1458 quem
441 1383 504 1456 hoo,
528 1381 552 1440 si
576 1382 687 1440 factum
708 1389 792 1455 esset,
816 1382 998 1459 fugere'non
1014 1381 1121 1458 potuit,
1145 1401 1253 1456 nequa·

136 1491 223 1547 quam
259 1477 375 1543 narrat,
410 1471 498 1529 immo
530 1472 658 1548 primum
690 1471 855 1529 Hiberniae
886 1471 1056 1548 episcopum
1087 1470 1253 1532 Palladium

135 1561 298 1640 appellarit
314 1568 343 1620 et
358 1581 448 1637 opera
464 1564 527 1638 ejus
542 1561 668 1619 insulam
684 1562 844 1620 barbaram
861 1560 1053 1618 christianam
1069 1560 1178 1618 factam
1191 1580 1254 1618 esse

135 1650 256 1708 censuit.
295 1649 405 1727 Itaque
428 1671 487 1708 non
510 1651 580 1708 licet
602 1655 708 1728 putare
730 1650 804 1708 illud
827 1650 934 1728 ipsum,
957 1650 993 1707 de
1014 1669 1071 1725 quo
1088 1648 1253 1727 Prosperus

136 1741 228 1798 verba
244 1761 303 1798 non
319 1741 389 1799 fecit
404 1741 513 1798 factum
530 1760 591 1799 esse
608 1740 665 1798 nisi
677 1739 721 1812 iis,
739 1739 790 1816 qui
802 1740 881 1799 haud
893 1739 937 1798 ita
948 1739 1042 1797 multo
1053 1745 1122 1816 past
1133 1740 1253 1798 missum

135 1828 304 1887 Palladium
327 1830 364 1887 ab
389 1830 490 1887 eodem
513 1828 680 1888 Caelestino
695 1829 858 1887 Patricium
881 1829 913 1886 in
933 1828 1110 1887 Hiberniam
1132 1827 1254 1886 missum

136 1938 198 1976 esse
215 1918 272 1976 sibi
289 1925 507 1994 persuaserunt.
537 1918 625 1977 Hanc
641 1920 764 1991 obrem,
781 1919 954 1996 priusquam
969 1918 1056 1994 plura
1071 1917 1202 1976 dicamus
1218 1917 1255 1975 de

134 2006 279 2080 Palladio,
303 2008 503 2082 quaerendum
527 2012 571 2065 est
593 2008 687 2079 nobis,
712 2008 857 2083 quomodo
881 2027 911 2065 se
926 2006 1036 2064 habeat
1051 2006 1209 2065 Patricius.

223 2096 301 2154 Male
331 2098 465 2174 profecto
495 2117 526 2155 se
556 2096 646 2155 habet
673 2102 776 2154 nostra
804 2096 839 2154 de
863 2095 996 2155 Patricio
1020 2095 1135 2155 notitia.
1182 2096 1254 2170 Qui·

136 2205 260 2262 cumque
283 2186 361 2243 enim
383 2186 516 2264 paullum
538 2186 741 2245 laboraverint
763 2186 794 2244 in
819 2185 1022 2244 adumbranda
1038 2184 1164 2244 Patricii
1184 2185 1254 2257 vita,

136 2296 203 2334 mox
227 2275 380 2334 invenient
402 2277 510 2334 multas
533 2294 595 2348 res,
619 2296 694 2352 quae
718 2275 838 2334 maximi
862 2274 1002 2334 momenti
1025 2280 1095 2333 sunt
1117 2275 1155 2333 ad
1175 2275 1254 2350 judi·

137 2365 262 2423 candum
286 2365 322 2422 de
343 2364 468 2424 Patricii
491 2365 616 2424 historia
639 2365 713 2424 adeo
737 2365 831 2423 adhue
855 2385 918 2424 esse
941 2365 996 2424 sub
1017 2365 1125 2440 judice,
1149 2370 1183 2423 ut
1198 2364 1255 2424 viri

137 2454 216 2512 docti
246 2474 305 2512 non
329 2455 422 2513 solum
447 2455 522 2513 alius
544 2456 599 2513 hoc
623 2455 697 2513 alius
720 2455 795 2513 illud
817 2454 960 2527 affirmet,
989 2454 1040 2513 sed
1064 2453 1154 2512 etiam
1178 2453 1254 2513 idern

138 2542 218 2601 aliud
247 2544 305 2602 alio
336 2550 469 2621 tempore
502 2546 539 2620 (e.
562 2566 590 2621 g.
615 2543 726 2617 Schdll,
757 2542 926 2603 dissertatio
958 2543 1040 2602 1851
1072 2551 1102 2602 et
1125 2543 1255 2620 Herzog,
1342 2610 1346 2617 ,

137 2631 174 2689 R.
198 2631 232 2690 Ε.
262 2654 283 2692 s.
308 2655 335 2692 v.
358 2634 516 2692 Patricius.
554 2632 664 2710 1858),
696 2653 791 2709 neque
822 2633 900 2691 hunc
930 2633 1104 2710 scriptorem
1133 2633 1255 2711 putabis

137 2721 234 2780 omnia
254 2722 371 2796 dixisse,
396 2724 421 2781 si
437 2723 543 2800 legeris
559 2722 650 2796 illum,
674 2743 742 2781 nam
757 2722 840 2799 prior
857 2722 963 2795 omisit,
981 2723 1017 2781 de
1034 2722 1141 2798 quibus
1157 2729 1254 2799 poste·

136 2811 196 2869 rior
218 2812 306 2888 plura
328 2813 400 2871 fecit
422 2813 521 2871 verba.
568 2812 634 2885 Quo
658 2813 769 2871 factum
794 2818 851 2884 est,
874 2818 908 2868 ut
932 2831 1039 2882 omnes,
1064 2811 1115 2886 qui
1138 2810 1174 2868 de
1197 2810 1255 2869 Pa·

136 2900 222 2959 tricia
257 2900 460 2958 disseruerunt
489 2920 585 2976 neque
615 2900 673 2977 ipsi
702 2905 797 2957 totam
828 2919 889 2956 rem
920 2900 1008 2976 plane
1039 2899 1255 2976 intelligebant,

136 3009 249 3048 errores
281 3009 339 3046 nou
370 2987 557 3046 vitaverintl.
603 2987 711 3063 Itaque
742 3007 838 3065 neque
870 3007 937 3064 ego,
969 3008 1033 3046 cum
1064 3008 1124 3046 nan
1156 3008 1256 3048 omncs

211 3199 221 3229 ¹
240 3196 392 3262 Ebrardus,
414 3215 477 3251 cum
495 3195 600 3251 librum
619 3216 698 3251 suum
718 3198 917 3262 conscriberet,
937 3197 1039 3252 idonea
1051 3198 1188 3253 historiae
1200 3196 1254 3253 Pa-

137 3268 213 3323 tricii
233 3268 350 3322 scientia
370 3268 603 3337 prorsuscaruit.
635 3266 700 3322 Duo
718 3267 861 3323 sufficiant
872 3269 1044 3323 testimonia.
1077 3267 1122 3324 De
1136 3269 1255 3324 Patricii

137 3341 325 3405 confessione,
354 3357 434 3408 quam
455 3345 570 3408 praeter
588 3341 786 3394 necessitatem
807 3341 855 3410 (cf.
877 3341 1006 3408 Loening
1024 3341 1063 3405 H,
1084 3343 1136 3396 413
1156 3346 1207 3395 not
1226 3347 1254 3395 et

137 3413 175 3466 H.
197 3413 252 3466 and
270 3411 312 3466 st.
331 3411 371 3474 Π,
392 3412 416 3466 2.
437 3412 489 3467 296
508 3413 579 3478 not.)
605 3413 635 3464 in
659 3412 816 3480 appendice
837 3429 870 3471 ex
889 3413 955 3465 Aet.
976 3411 1026 3466 SS.
1051 3414 1253 3482 transscripsit,

138 3485 221 3536 dixit:
242 3484 291 3549 ‚aa
309 3483 395 3537 eiaeaa
413 3483 532 3552 anziaco
546 3482 601 3537 Ms.
616 3484 661 3537 des
682 3483 878 3538 mactatam
889 3481 942 3537 Sti.
960 3482 1070 3538 Vedaati
1080 3484 1255 3539 vortaadea“

138 3554 263 3607 nesciens
275 3555 372 3625 ¹adhue
385 3556 481 3622 plures
495 3560 606 3608 exstare
620 3554 730 3611 codices
744 3571 897 3623 eorumque
911 3554 1126 3608 celeberrimum
1139 3557 1169 3609 in
1181 3556 1255 3611 libro

138 3623 345 3678 Ardmachano.
384 3625 460 3696 Ergo
485 3642 521 3679 ne
545 3625 737 3680 tenuissimam
761 3625 874 3694 quidem
898 3626 1072 3680 auditionem
1091 3627 1201 3696 accepit
1219 3628 1254 3682 de

137 3694 190 3746 hoc
210 3695 290 3757 libro,
311 3695 345 3749 de
365 3714 419 3765 quo
439 3697 514 3750 iufra
533 3698 682 3751 dicendum
703 3702 753 3761 est,
773 3697 945 3766 quinetiam
957 3714 993 3750 ne
1006 3698 1035 3751 id
1048 3699 1161 3768 quidem
1174 3698 1253 3767 legit,

137 3766 212 3834 quod
227 3766 386 3820 Schoellius
405 3786 460 3822 non
481 3769 572 3821 dicam
591 3769 621 3822 in
641 3770 837 3822 dissertatione
852 3787 878 3836 p.
893 3768 927 3822 88
940 3768 990 3822 sed
1002 3769 1032 3822 in
1045 3768 1160 3839 Herzog
1172 3769 1206 3822 R.
1220 3769 1254 3826 Ε.

137 3838 189 3890 Bd.
209 3838 241 3890 11
263 3838 297 3890 de
316 3838 458 3892 codicibus
480 3839 618 3893 disseruit.
653 3839 735 3908 Quod
755 3839 802 3908 qui
822 3841 1000 3910 cognoverit,
1021 3858 1078 3893 non
1096 3841 1253 3905 mirabitur,

137 3909 212 3978 quod
238 3926 293 3962 una
317 3910 377 3961 sola
402 3927 436 3963 ex
455 3911 603 3977 permultis
624 3910 743 3964 Patricii
760 3911 827 3963 vitis
848 3927 935 3980 eaque
955 3911 1076 3965 omnium
1097 3929 1187 3979 paene
1206 3930 1254 3980 po·

137 3984 242 4034 strenia
260 3978 391 4034 Hbrardo
415 3986 482 4035 nota
507 3982 592 4036 fuisse
616 3983 729 4036 videtur
754 3981 802 4048 (cf.
822 3981 933 4036 Ebrard
952 4001 979 4051 p.
1002 3982 1047 4052 10)
1066 4014 1101 4022 -—
1121 3984 1255 4037 videlicet

137 4069 178 4116 aa,
199 4067 270 4121 quae
289 4052 350 4105 sola
369 4056 461 4105 exstat
478 4053 509 4106 in
521 4052 587 4108 Act.
603 4052 654 4107 SS.
669 4053 741 4108 Ball.
757 4051 840 4106 Mart.
862 4053 894 4107 17
914 4070 940 4122 p.
957 4054 1008 4108 540
1022 4071 1082 4122 sqq.
1115 4053 1168 4108 His
1185 4072 1254 4108 vero

135 4124 218 4177 Actis
233 4121 282 4177 SS.
302 4123 344 4175 ita
362 4140 425 4176 usus
444 4129 494 4188 est,
514 4127 546 4178 ut
565 4124 799 4179 commentarium
818 4125 964 4192 praevium
985 4125 1180 4180 Bollandistae
1197 4143 1255 4179 non

135 4196 252 4266 legeret,
264 4225 296 4236 -
309 4193 435 4263 alioquin
449 4196 484 4248 de
498 4196 560 4249 aliis
573 4197 639 4249 vitis
653 4196 814 4250 audivisset.
831 4227 860 4234 -
874 4194 937 4264 Quo
950 4196 1064 4249 tandem
1074 4198 1139 4264 jure
1149 4196 1254 4250 Itbrar·

136 4267 186 4319 dus
212 4267 255 4320 his
279 4264 378 4320 diebus
404 4265 584 4335 (Bonifatius.
615 4268 695 4336 1882)
720 4266 842 4320 ludibrio
866 4268 920 4320 sibi
944 4268 1030 4320 habet
1048 4267 1156 4324 doctam
1174 4284 1255 4322 saara

136 4337 325 4391 odoacariam
344 4335 528 4391 Fischerum?
