3024 4920
642 228 860 288 „51-

193 413 307 485 baram,
343 429 419 488 quae
448 410 596 469 Hibernia
631 431 689 468 non
722 431 784 469 esse
819 432 879 469 non
914 415 1022 488 potest.
1067 407 1150 487 Ergo
1180 416 1211 468 et
1240 407 1312 468 haec

193 502 294 579 opinio
318 500 477 577 rejicienda
500 506 553 559 001.

283 589 363 662 Quid
393 589 507 649 restat?
543 588 678 647 Tertium
710 595 766 661 est,
798 594 832 646 ut
862 594 1000 666 putemus
1031 594 1061 647 et
1084 588 1253 646 Palladium
1283 593 1313 646 et

193 678 357 737 Patricium
381 679 412 735 in
428 678 574 738 Hibernia
590 677 713 736 verbum
733 676 781 734 dei
803 677 996 754 praedicasse.
1015 676 1079 735 'At
1101 677 1179 735 unde
1203 679 1313 735 factum

195 775 251 840 est,
283 775 317 827 ut
348 768 440 826 omnis
470 766 600 825 Palladii
631 767 771 823 memoria
798 766 877 844 apud
906 764 1010 824 Scotos
1039 765 1245 825 evanesceret?
1280 770 1315 824 ut

194 856 344 915 Patricius
359 856 487 914 Palladii
504 855 683 913 mentionem
707 875 766 913 non
790 854 920 914 faceret?
945 854 1003 914 Sed
1026 855 1081 912 hoc
1105 856 1232 913 alterum
1255 870 1315 912 non

194 966 342 1022 premam,
374 945 443 1021 quia
473 944 622 1003 Patricius
651 945 768 1001 omnino
797 944 947 1001 hominum
975 943 1095 1001 nomina
1118 963 1176 1000 non
1200 945 1315 1022 profert

196 1035 267 1110 (vid.
284 1054 362 1112 supr.
378 1056 407 1111 p.
425 1034 492 1111 48).
539 1033 692 1107 Quomodo
716 1053 787 1092 vero
810 1034 920 1090 factum
945 1037 1001 1105 est,
1033 1038 1067 1090 ut
1089 1032 1255 1110 Prosperus
1279 1032 1315 1090 dc

195 1123 328 1182 Patricio
352 1124 393 1180 nil
418 1122 556 1181 audiret?
580 1120 613 1179 Si
636 1123 666 1179 in
682 1121 774 1180 Italia
796 1122 855 1180 fuit
870 1120 1028 1193 Patricius,
1052 1123 1185 1199 profecto
1209 1121 1315 1180 mirum

196 1219 249 1286 001,
274 1213 353 1288 quod
375 1212 541 1288 Prosperus
566 1212 601 1269 de
625 1231 660 1269 00
683 1211 776 1269 verba
799 1231 858 1269 non
882 1210 960 1268 fecit.
1006 1209 1049 1269 Iis
1073 1218 1184 1282 autem,
1208 1212 1316 1286 quibus

113 1294 116 1299 ’
195 1303 271 1360 forte
295 1302 326 1359 in
349 1302 498 1378 prioribus
526 1300 654 1358 nondum
682 1300 892 1378 persuaserim,
923 1298 1056 1358 Patricio
1085 1321 1150 1358 cum
1173 1299 1316 1357 Romanis

196 1391 324 1466 aliquam
356 1389 596 1448 consuetudinem
626 1389 728 1462 fuisse,
752 1389 888 1448 ultimam
918 1409 952 1446 ac
985 1408 1151 1465 supremam
1182 1408 1316 1466 propono

196 1479 411 1556 quaestionem,
436 1479 581 1554 quomodo
605 1480 716 1537 factum
740 1480 792 1551 sit,
816 1484 851 1536 ut
873 1478 970 1550 Beda,
1002 1478 1048 1534 cui
1069 1478 1165 1536 'multa
1188 1478 1224 1535 de
1248 1477 1317 1537 Sco·

196 1575 294 1626 torum
318 1568 440 1626 ecclesia
463 1572 534 1626 nota
558 1574 656 1639 erant,
688 1567 738 1644 qui
767 1567 824 1625 alia
852 1567 965 1627 leviora
996 1566 1131 1626 audierat
1154 1567 1192 1624 ab
1216 1566 1317 1624 amicis

195 1657 335 1734 Egberti,
369 1658 420 1733 qui
450 1655 558 1715 (1101110
584 1655 615 1714 ia
639 1653 784 1716 [liburnia
812 1675 869 1737 pro
894 1651 1009 1714 0101110
1037 1652 1205 1714 oculaverat
1227 1656 1268 1730 (h.
1293 1675 1317 1713 0.

198 1748 226 1818 3,
249 1747 277 1803 4.
301 1747 318 1823 ξ
342 1747 419 1818 161;
444 1746 472 1817 5,
496 1747 523 1802 9.
547 1747 564 1822 ξ
587 1746 648 1803 376
671 1747 748 1821 sqq.)
777 1746 813 1803 de
841 1744 973 1803 Patricio
1004 1744 1046 1801 nil
1077 1744 1194 1802 dixerit.
1239 1744 1318 1804 Num

197 1835 338 1892 credibile
367 1841 412 1893 est
442 1834 563 1907 Bedam,
595 1834 819 1910 investigandae
848 1833 1037 1911 antiquitatis
1061 1833 1318 1904 studiosissimum,

197 1942 349 1998 nunquam
385 1924 422 1980 ab
453 1924 501 1994 iis,
538 1924 589 1998 qui
623 1923 764 2000 permulti
799 1929 870 1982 tunc
903 1943 939 1980 ex
970 1921 1083 1997 Anglia
1114 1920 1156 1980 ad
1185 1918 1320 2001 lepardus

199 2009 362 2088 scripturus
384 2030 484 2070 sacras
507 2012 537 2068 in
562 2011 740 2070 Hiberniam
763 2011 1027 2088 transmigrabant,
1051 2010 1200 2068 audivisse
1217 2008 1320 2069 Scotos

198 2100 332 2159 venerari
359 2100 523 2158 Patricium
551 2100 679 2177 primum
708 2100 873 2159 Hiberniae
901 2098 1092 2176 episcopum?
1126 2099 1209 2175 Ergo
1237 2098 1321 2157 Beda

198 2195 249 2247 aut
280 2190 316 2246 de
346 2188 493 2261 Patricio,
524 2195 630 2267 utpote
661 2210 719 2246 non
750 2210 767 2245 a
796 2189 941 2248 Romanis
970 2188 1072 2260 misso,
1104 2189 1195 2247 verba
1225 2188 1321 2246 facere

198 2278 296 2337 noluit
319 2278 458 2353 (Schoell,
482 2278 603 2354 Herzog
618 2278 655 2336 R.
678 2278 713 2339 E.
733 2280 782 2350 ll,
805 2300 834 2356 p.
852 2279 938 2354 209),
966 2311 1003 2320 -
1030 2277 1110 2352 quod
1132 2283 1239 2354 putare
1261 2298 1322 2334 non

199 2368 316 2426 1100101
334 2369 404 2444 quia
422 2368 579 2425 Bedanon
603 2369 628 2424 is
651 2373 704 2438 est,
729 2367 776 2425 cui
798 2367 855 2426 hoc
878 2366 1039 2445 opprobrio
1063 2365 1173 2438 demus,
1198 2372 1228 2424 et
1252 2365 1321 2441 quia

200 2456 361 2514 absurdum
385 2462 430 2514 est
453 2477 506 2533 per
529 2477 568 2528 00,
593 2456 663 2530 0010
683 2456 831 2514 Patricius
853 2456 923 2514 licet
945 2456 1058 2513 nullam
1081 2454 1233 2513 habuisset
1256 2474 1322 2511 cum

199 2545 343 2603 Romanis
367 2545 621 2616 consuetudinem,
652 2552 752 2603 tamen
779 2566 796 2601 a
824 2545 967 2603 Romanis
996 2548 1077 2602 certo
1104 2545 1185 2602 nulla
1209 2565 1240 2601 re
1265 2543 1322 2601 dis·

201 2634 350 2693 sentiebat
383 2669 434 2706 —,
470 2641 522 2692 aut
553 2634 630 2692 sicut
660 2633 795 2690 nonnulli
826 2633 957 2708 ejusdem
987 2632 1130 2708 temporis
1162 2631 1244 2691 Scoti
1275 2632 1322 2706 (cf.

201 2743 290 2799 supra
313 2745 342 2800 p.
367 2723 422 2800 43)
445 2723 611 2782 Patricium
635 2723 760 2780 eundem
788 2743 851 2781 esse
879 2728 969 2799 atque
993 2720 1160 2779 Palladium
1185 2721 1323 2798 opinatus

202 2818 255 2870 est.
301 2813 374 2870 Hac¹
392 2812 518 2889 denique

292 2906 399 2977 quarta
438 2901 553 2958 ratione
590 2901 665 2958 solvi
702 2919 787 2976 posse
830 2905 963 2957 nostram
1002 2897 1206 2974 quaestionem
1243 2896 1323 2972 equi·

202 2989 268 3046 dem
304 3008 475 3066 persuasum
516 2988 588 3044 mihi
628 2988 731 3044 habeo.
792 2987 880 3059 Quod
915 2986 966 3063 qui
1005 2987 1118 3064 primus
1159 2984 1325 3062 suspicatus

203 3084 255 3148 est,
280 3075 442 3134 Schoellius
466 3077 548 3152 (diss.
571 3097 599 3152 p.
625 3078 687 3152 77),
712 3081 816 3153 postea
839 3077 981 3152 (Herzog,
1004 3076 1041 3134 R.
1064 3076 1100 3133 Ε.
1128 3077 1177 3147 11,
1200 3097 1229 3152 p.
1247 3076 1325 3152 aba)

203 3168 279 3224 hanc
309 3166 477 3242 opinionem
517 3165 664 3243 deposuit.
718 3165 804 3225 Unde
844 3165 934 3224 nolim
975 3166 1096 3241 colligas
1136 3165 1325 3222 immaturam

203 3275 266 3313 0000
295 3275 368 3312 0001.
413 3255 461 3313 Ex
491 3255 640 3313 contrario
675 3254 776 3313 multis
812 3254 994 3331 argumentis
1026 3253 1195 3312 confirmari
1218 3258 1325 3330 potest.

202 3346 280 3405 Nam
311 3344 407 3422 primo
440 3345 519 3422 quod
548 3351 578 3401 et
605 3342 773 3401 Palladium
804 3349 835 3402 et
862 3343 1027 3400 Patricium
1056 3342 1178 3399 ineunte
1210 3341 1326 3408 saeculo

205 3435 308 3508 quinto
332 3435 362 3490 in
384 3434 562 3492 Hiberniam
586 3432 702 3491 venisse
726 3432 865 3489 credibile
890 3453 948 3490 non
973 3439 1018 3489 est
1037 3432 1193 3507 (01011010
1220 3430 1326 3505 1-3),

206 3523 298 3580 altero
330 3524 409 3598 quod
439 3523 523 3581 Beda
554 3523 590 3580 de
620 3521 752 3580 Patricio
783 3521 875 3580 verba
904 3541 964 3578 non
999 3519 1084 3593 fecit,
1125 3519 1216 3578 tertio
1248 3517 1327 3595 quod

206 3609 286 3666 nulla
324 3617 422 3669 exstat
460 3612 539 3689 apud
579 3610 683 3670 Scotos
723 3611 834 3669 mentio
874 3610 1003 3668 Palladii
1047 3608 1106 3667 nisi
1145 3607 1224 3685 apud
1269 3627 1326 3680 000,

206 3699 258 3773 001
281 3697 422 3774 Prosperi
452 3701 653 3759 narrationem
685 3705 898 3776 cognoverant,
934 3704 1041 3775 quarto
1074 3697 1153 3773 quod
1184 3697 1253 3755 talis
1283 3701 1328 3754 est

206 3787 339 3845 Patricio
364 3808 430 3844 cum
454 3788 589 3846 Palladio
613 3789 740 3846 nominis
763 3789 909 3859 vicinitas,
935 3807 1011 3863 quae
1034 3787 1121 3845 facile
1144 3786 1175 3842 in
1199 3805 1328 3843 errorem

206 3876 353 3935 adducere
377 3879 510 3953 potuerit
533 3878 722 3954 Prosperum,
748 3879 852 3953 quinto
876 3876 957 3952 quod
981 3876 1082 3934 eodem
1107 3895 1184 3932 anno
1208 3874 1272 3931 432
1296 3874 1328 3931 in

206 3966 384 4024 Hiberniam
412 3967 526 4025 venisse
554 3966 685 4026 traditur
713 3966 866 4024 Palladius
895 3987 912 4022 a
939 3964 1102 4041 Prospero,
1133 3963 1283 4021 Patricius
1311 3983 1328 4020 a

207 4053 398 4113 Tirechano1
428 4089 478 4129 ·-,
502 4064 586 4115 sexto
610 4055 737 4131 denique
762 4056 841 4131 quod
864 4053 1017 4112 Palladius
1040 4053 1090 4111 ille
1113 4052 1255 4130 Prosperi
1277 4072 1328 4110 na·

224 4162 500 4248 ”msulae-hanua
529 4194 651 4246 secundo
682 4194 758 4264 regis
783 4192 911 4260 Logairii
940 4209 1014 4244 anno
1039 4190 1194 4243 Patricium
1217 4190 1329 4242 venisse

208 4267 347 4334 prodidit,
368 4281 464 4333 regem
484 4268 577 4317 0010111
596 4265 674 4317 111001
696 4265 729 4318 33
749 4282 837 4317 annos
856 4279 987 4334 regnasse
1006 4265 1127 4315 testatur
1147 4261 1280 4330 (Betham
1298 4259 1329 4312 H

208 4355 272 4405 app.
292 4356 319 4405 p.
340 4336 436 4406 XIX).
476 4335 562 4403 Ergo,
583 4335 606 4388 si
626 4335 775 4404 Logairius
795 4353 866 4388 0000
886 4334 937 4389 463
958 4338 1083 4387 mortuus
1104 4337 1147 4384 est
1165 4331 1273 4400 (Skenc
1288 4328 1328 4395 Π,

1077 4421 1114 4474 4*
