3024 4920
639 167 855 224 „22-

189 367 248 407 non
272 347 390 405 omnino
418 345 570 424 proprium
600 346 688 405 fuisse
716 346 887 419 Britonum,
923 347 973 406 sed
1003 348 1167 424 profectum
1198 368 1260 406 esse
1290 368 1309 406 a

189 437 288 517 priore
319 436 445 513 quadam
476 442 615 494 tonsurae
650 435 766 494 ratione
797 442 885 494 antea
922 436 952 494 in
988 436 1108 496 ecclesia
1142 438 1245 497 saltem
1275 437 1308 494 in

191 525 366 603 quibusdam
401 524 538 583 ecclesiae
568 525 704 602 partibus
734 525 853 584 usitata.
910 526 997 601 Quod
1027 526 1105 584 idem
1136 528 1309 604 comprobet

189 615 334 675 Paulinus
364 613 497 673 Nolanus
529 615 706 673 mentionem
738 614 848 674 faciens
872 614 940 692 (Op.
965 615 1008 673 ed.
1032 614 1197 693 Rosweyde
1224 616 1313 673 1622,

191 727 236 783 ep.
254 706 286 779 7)
310 704 346 762 de
370 703 520 762 monachis
543 702 666 762 Gallicis
689 711 769 763 casta
790 701 968 785 informitate
991 701 1132 784 capillum
1154 703 1195 764 acl
1217 712 1310 765 cutem

190 791 280 854 caeeis
303 801 333 869 et,
358 789 548 873 inaequaliter
571 791 730 854 seuuemo
752 801 779 852 et
801 791 935 852 destituto
957 792 1059 876 fronte
1083 793 1237 875 praeroeie
1260 794 1308 869 (cf.

191 883 289 943 Skene
304 883 346 955 H,
367 902 395 959 p.
413 883 476 960 24).
522 881 636 942 Contra
659 903 725 940 cum
747 878 880 943 Senones
902 883 969 942 illos
992 879 1202 963 Bajooaeeinos
1218 880 1311 964 jueta

190 971 280 1032 ritum
307 969 526 1031 Britannorum
552 979 648 1032 tonsos
676 972 766 1030 laicos
794 972 883 1033 fuisse
912 973 1098 1032 manifestum
1127 973 1166 1032 sit
1197 974 1244 1049 (of.
1268 971 1309 1030 H.
1374 969 1377 975 ’

191 1062 250 1120 and
273 1059 317 1120 St.
340 1061 382 1133 II,
409 1063 423 1119 l
450 1081 478 1137 p.
504 1060 567 1137 78),
591 1061 799 1138 suspicandum
823 1068 879 1133 est,
910 1062 1001 1120 laicos
1029 1082 1147 1139 quoque
1170 1063 1310 1122 Britones

191 1150 334 1230 peculiari
362 1151 488 1227 quadam
524 1151 638 1210 ratione
669 1151 758 1210 fuisse
794 1158 904 1210 tonsos.
949 1151 1037 1225 Inde,
1069 1152 1095 1211 si
1124 1172 1227 1210 verum
1257 1156 1311 1225 est,
1362 1224 1365 1228 .

192 1240 388 1317 colligendum
412 1245 457 1298 est
479 1238 603 1299 rationis
626 1240 768 1299 tondendi
792 1240 912 1300 clericos
933 1241 1013 1320 apud
1027 1240 1167 1299 Britones
1182 1240 1311 1300 usitatae

190 1329 300 1408 partim
329 1328 417 1387 etiam
447 1349 557 1386 morem
586 1329 777 1388 domesticum
804 1331 903 1389 luisse.
921 1336 1079 1390 auctorem.
1122 1331 1207 1407 'Ergo
1236 1336 1265 1388 et
1294 1351 1311 1390 a

193 1420 291 1498 priore
324 1418 451 1496 quadam
485 1419 660 1478 tonsurandi
692 1419 808 1479 ratione
840 1426 870 1478 et
902 1441 919 1478 a
951 1420 1119 1480 domesticis
1151 1420 1311 1479 Britonum

191 1509 323 1566 moribus
347 1514 486 1566 tonsurae
509 1507 668 1567 Britonum
691 1509 774 1585 origo
803 1509 920 1569 videtur
948 1529 1008 1569 esse
1037 1510 1207 1587 repetenda.
1253 1507 1312 1568 Sed

191 1604 350 1674 utrumque
379 1597 451 1674 quid
479 1597 638 1658 contulerit
665 1598 703 1657 ad
732 1596 911 1658 efferendam
940 1598 1020 1657 illam
1048 1599 1143 1677 ipsam
1171 1604 1312 1658 tonsurae

118 1718 120 1722 Α
192 1688 315 1747 formam
344 1685 375 1742 in
402 1686 497 1745 medio
526 1687 750 1763 relinquendum
778 1694 832 1748 est.
877 1687 915 1746 Id
942 1708 1011 1748 vero
1040 1708 1093 1766 pro
1124 1694 1205 1747 certo
1233 1687 1311 1746 affir-

192 1776 267 1834 mari
289 1780 389 1853 potest
411 1776 551 1836 Britones
574 1777 651 1834 hunc
675 1798 784 1836 morem
807 1783 964 1853 sequentes
986 1784 1086 1839 tamen
1108 1777 1165 1837 fide
1190 1784 1219 1837 et
1243 1798 1310 1854 ope-

193 1865 276 1925 ribus
299 1865 409 1925 unitati
433 1865 594 1925 catholicae
624 1866 755 1944 potuisse
778 1867 891 1940 favere,
925 1867 1046 1927 levioris
1069 1867 1146 1926 enim
1170 1867 1311 1926 momenti

195 1976 257 2014 esse
280 1955 356 2013 hano
384 1955 419 2013 de
447 1961 587 2014 tonsurae
613 1957 708 2014 farma
735 1956 946 2016 dissensionem
972 1957 1066 2035 ipsius
1095 1957 1312 2016 controversiae

193 2045 376 2123 temporibus
408 2044 536 2104 Romani
568 2066 627 2104 non
658 2053 815 2105 tacuerunt
846 2047 904 2124 (ep.
935 2046 1093 2118 Oeolfridi,
1124 2046 1207 2104 Beda
1235 2045 1262 2102 h.
1287 2066 1310 2101 e.

195 2133 222 2207 5,
247 2135 285 2192 21
313 2135 330 2211 ξ
354 2133 440 2210 441).
485 2134 552 2194 Hac
576 2135 641 2213 ipsa
665 2135 700 2193 de
724 2156 812 2195 causa
842 2135 977 2210 equidem
1004 2134 1040 2192 de
1070 2134 1117 2192 his
1142 2133 1257 2192 Galliae
1281 2138 1311 2189 et

194 2221 337 2282 Galliciae
366 2223 496 2283 ecclesiis
524 2225 642 2282 omnino
672 2225 762 2283 verba
791 2244 849 2282 non
876 2224 1021 2295 fecissem,
1052 2222 1110 2280 nisi
1132 2222 1311 2299 permultum

193 2333 259 2371 mea
282 2312 437 2372 interesset
460 2312 662 2371 demonstrare
685 2312 716 2372 in
740 2310 839 2370 Gallia
862 2316 892 2370 et
918 2311 949 2369 in
972 2311 1121 2388 Hispania
1144 2311 1259 2388 placide
1283 2317 1314 2369 et

194 2403 295 2462 sedate
319 2408 417 2461 actum
441 2421 502 2461 esse
526 2400 562 2459 de
586 2401 621 2460 iis
644 2400 716 2479 ipsis
739 2400 905 2460 Britonum.
920 2400 1063 2473 moribus,
1094 2406 1216 2479 propter
1239 2421 1313 2476 quos

193 2491 256 2551 fieri
280 2511 339 2550 non
362 2490 474 2568 potuit,
506 2490 577 2566 quin
606 2490 636 2548 in
664 2489 824 2549 Britannia
852 2491 1007 2557 vehemens
1035 2497 1168 2549 oreretur
1197 2497 1313 2549 contro·

193 2581 291 2640 versia
315 2580 393 2638 inter
416 2578 555 2638 Britones
579 2587 609 2638 et
632 2577 781 2638 Saxonum
805 2581 957 2658 apostolos
980 2577 1157 2656 aGregorio
1181 2601 1259 2657 papa
1282 2579 1314 2636 in

194 2669 383 2728 Britanniam
405 2669 517 2728 missos.
562 2669 672 2746 Itaque
694 2668 739 2728 his
763 2670 907 2728 absolutis
931 2672 994 2745 jam
1022 2669 1248 2746 progrediamur
1275 2669 1314 2726 ad

194 2759 289 2839 ipsam
312 2759 401 2833 illam,
427 2779 515 2836 quam
539 2757 727 2819 distinximus

193 2954 313 3021 tertiam
330 2954 483 3020 ecclesiae
499 2952 649 3019 Britonum
666 2953 808 3034 aetatem,
832 2952 1072 3037 proticiscentem
1090 2952 1129 3019 ab
1144 2968 1223 3019 anno
1240 2952 1313 3034 597,

195 3116 297 3176 eodem
324 3116 434 3194 quippe
463 3136 553 3187 anno,
590 3136 647 3192 quo
676 3114 878 3192 Augustinus,
913 3117 1026 3193 primus
1049 3114 1315 3193 Angla-Saxonum

153 3258 155 3261 .
196 3205 350 3283 episcopus
371 3205 409 3264 ad
424 3204 614 3262 Britanniam
638 3225 744 3264 navem
767 3205 892 3283 appulit.
912 3241 949 3250 -
968 3204 1156 3281 Augustinus
1180 3213 1210 3264 et
1233 3206 1314 3278 socii,

196 3316 262 3355 cum
284 3295 315 3353 in
332 3294 520 3353 Britanniam
540 3300 694 3368 venerunt,
719 3295 848 3353 nondum
872 3300 951 3353 certo
975 3294 1118 3366 sciebant,
1142 3294 1194 3371 qui
1218 3301 1315 3354 essent

196 3405 292 3444 mores
315 3384 474 3442 Britonum
497 3384 622 3462 proprii,
645 3385 733 3442 immo
750 3384 938 3454 Laurentius,
961 3383 1125 3460 Augustini
1148 3384 1179 3440 in
1203 3385 1313 3443 arehie-

195 3475 349 3553 piscopatu
366 3473 563 3533 Cantuarensi
586 3494 743 3546 successor,
767 3472 864 3533 Sectis
887 3471 1006 3549 scripsit
1029 3477 1107 3550 (ann.
1126 3472 1313 3551 aot-610)

196 3585 226 3622 se
250 3562 364 3623 venisse
392 3563 423 3620 in
451 3563 639 3621 Britanniam
669 3562 827 3633 credentes,
861 3561 939 3642 quod
955 3557 1045 3641 juata
1067 3580 1179 3622 morene
1201 3561 1313 3623 univer-

196 3649 266 3712 salis
289 3648 419 3713 ecclesiae
433 3649 573 3712 Britones
595 3650 822 3733 ingrederentur,
845 3650 876 3710 iu
898 3670 1007 3731 rnupna
1029 3650 1187 3711 reuerertia
1210 3650 1312 3712 saucti-

196 3740 262 3801 totis
284 3749 346 3801 tarn
361 3739 500 3801 Britonee
524 3762 613 3823 quarn
635 3737 737 3800 Scotoa
759 3748 921 3800 coamantes
938 3739 1033 3815 (Beda
1048 3740 1075 3798 h.
1093 3763 1115 3799 e.
1133 3743 1161 3815 2,
1180 3743 1198 3799 4
1215 3744 1232 3820 ξ
1251 3743 1313 3818 98).

197 3831 296 3905 Quod,
328 3832 384 3890 etsi
408 3831 552 3890 mendacii
574 3830 755 3890 Laurentius
778 3829 959 3889 accusandus
982 3849 1040 3888 non
1069 3839 1132 3912 est,
1157 3837 1254 3892 tamen
1281 3831 1313 3889 in

197 3921 310 3980 sincera
334 3921 459 3981 veritate
484 3921 627 3998 scriptum
642 3940 709 3977 -non
733 3924 786 3977 est.
832 3918 921 3978 Certe
945 3918 1022 3977 enim
1046 3918 1208 3997 Gregorius
1235 3942 1314 4000 papa

197 4011 363 4087 suspicatus
394 4016 439 4070 est
468 4009 608 4068 Britones
639 4029 697 4067 non
729 4007 847 4067 omnino
878 4008 1043 4067 consentire
1078 4030 1143 4067 cum
1177 4011 1313 4070 universa

198 4100 327 4159 ecclesia.
381 4098 524 4176 Alioquin
557 4097 727 4176 Augustino
759 4118 817 4156 non
848 4098 1025 4175 scripsisset:
1065 4095 1314 4170 „Britanniorurn

198 4208 294 4248 omnes
318 4188 465 4268 episcopos
487 4195 553 4246 tuae
568 4185 751 4267 fraternitati
773 4185 984 4258 carnut-imus,
1008 4196 1039 4247 ut
1061 4186 1170 4267 indocti
1191 4187 1311 4248 elucean-

198 4286 253 4351 tur,
270 4275 379 4360 irpirrni
386 4273 577 4355 permissione
592 4275 771 4347 roborentur,
782 4275 916 4355 perversi
929 4275 1096 4338 caecatae
1111 4274 1315 4357 commentum
