3024 4920
645 208 862 269 ..48-

194 387 371 455 Hiberniam
394 392 518 467 venerit,
542 398 643 466 necne‘,
666 413 735 450 nam
759 412 824 450 cum
848 413 906 450 uno
931 393 995 451 loco
1018 391 1106 469 (conf.
1130 415 1158 472 p.
1177 394 1255 470 306)
1279 403 1317 451 ex

140 484 142 487 ’
193 483 352 542 Britannia
375 484 513 543 videatur
536 503 598 542 esse
621 483 783 559 profectus,
816 482 873 539 alio
898 483 960 540 loco
985 481 1104 541 videtur
1128 504 1164 540 ex
1187 483 1246 541 alia
1268 503 1315 540 re·

193 574 281 649 gione
304 573 348 631 ita
371 572 548 631 Hiberniam
572 571 764 648 quaesivisse,
787 576 822 628 ut
845 572 996 630 omitteret
1020 571 1208 630 Britanniam
1232 571 1316 630 adire

194 668 224 720 et
247 661 348 720 videre
371 668 509 738 parentes
533 662 592 738 (ep.
607 682 636 738 p.
654 661 740 736 317).

283 749 366 822 Quae
391 770 456 808 cum
479 750 523 808 ita
546 750 614 822 sint,
638 748 778 806 audacius
802 749 874 806 mihi
889 749 1009 808 videtur
1022 755 1199 808 'asseverare
1215 748 1315 808 Patri·

195 840 272 897 cium
295 839 421 898 testibus
444 839 538 917 ipsius
562 837 682 915 scriptis
705 839 787 895 nullo
811 838 868 895 nisi
891 838 956 915 ipso
981 838 1035 896 deo
1060 845 1180 897 auctore
1204 839 1236 895 in
1259 838 1316 895 Hi·

194 928 328 986 berniam
360 929 538 1006 pervenisse.
590 927 667 1007 Nam
701 926 737 998 ii,
774 927 824 1000 qui
855 933 995 1003 premunt
1024 927 1188 986 Patricium
1220 947 1316 1002 neque

195 1016 336 1075 Germani
360 1037 455 1093 neque
479 1015 640 1075 Ooelestini
662 1036 757 1090 neque
781 1015 982 1073 Romanorum
1007 1037 1102 1092 neque
1126 1017 1216 1073 ullius
1239 1016 1316 1073 alius

194 1127 225 1165 11
256 1106 351 1181 ipsum
382 1105 528 1164 mittentis
564 1104 742 1162 mentionem
778 1105 893 1177 fecisse,
928 1126 964 1162 ne
1000 1106 1161 1181 neglegant
1197 1123 1315 1180 quaeso,

194 1194 274 1270 quod
297 1195 415 1252 omnino
438 1194 470 1251 in
494 1193 675 1252 confessione
692 1199 722 1250 et
738 1193 866 1270 epistula
890 1195 1020 1271 exceptis
1042 1194 1174 1272 ipsorum
1189 1193 1317 1251 Patricii

195 1290 226 1342 et
257 1282 390 1342 Oorotiei
420 1288 510 1358 atque
543 1289 699 1359 parentum
729 1282 853 1340 Patricii
884 1284 1053 1341 nominibus
1083 1284 1197 1340 nullum
1226 1282 1316 1340 ullius

194 1373 320 1430 hominis
348 1393 454 1430 nomen
483 1371 646 1443 invenitur,
681 1371 770 1428 immo
799 1371 949 1430 Patricius
978 1371 1079 1430 dedita
1106 1393 1197 1449 oper-a
1226 1371 1316 1429 etiam

196 1481 295 1518 eorum
319 1461 484 1533 hominum,
517 1461 553 1518 de
578 1460 685 1535 quibus
708 1461 823 1518 locutus
847 1467 904 1533 est,
935 1460 1054 1518 nomina
1083 1461 1216 1520 retinuit.
1264 1458 1316 1517 An

196 1550 262 1626 quis
287 1555 331 1608 est
354 1551 417 1621 ille,
446 1550 497 1625 qui
520 1547 581 1629 ipse
605 1568 653 1607 ore
675 1567 727 1607 auo
751 1547 880 1608 dicarat:
914 1568 974 1608 ecce
997 1558 1028 1608 tu
1044 1548 1264 1629 promovendus
1288 1567 1316 1607 ea

196 1637 238 1697 ad
258 1637 389 1718 pradum
411 1631 610 1718 episcopatus?
640 1637 749 1697 Utrum
772 1638 863 1710 idem,
888 1659 975 1713 quem
998 1639 1206 1697 amicissimum
1230 1657 1316 1695 suum

196 1726 344 1786 Patricius
372 1728 535 1805 appellavit
563 1748 601 1784 an
628 1726 723 1784 alins?
752 1728 840 1801 (conf.
856 1750 884 1805 p.
903 1727 989 1803 305).
1035 1728 1230 1787 Nihilosecius
1258 1726 1316 1799 ille,

197 1816 248 1891 qui
264 1816 380 1875 dixerat
395 1816 559 1874 Patricium
574 1815 807 1892 promovendum
823 1836 885 1874 esse
909 1817 946 1874 ad
970 1817 1095 1891 gradum
1119 1816 1316 1894 episcopatus,

196 1905 365 1964 testimonio
389 1911 434 1964 est
456 1904 620 1963 Patricium
643 1903 873 1981 haudquaquam
896 1905 1032 1963 omnibus
1055 1904 1192 1963 humanis
1215 1910 1316 1962 aucto·

197 1995 279 2054 ribus
303 1995 427 2054 exclusis
451 1994 482 2052 in
505 1993 681 2052 Hiberniam
705 1993 882 2071 pervenisse.
915 1993 974 2053 Sed
997 1994 1128 2052 desinam
1152 1993 1317 2071 exprimere

198 2085 369 2142 obscuriora
390 2084 441 2141 illa
464 2083 555 2142 verba
579 2084 625 2141 vel
650 2082 757 2141 similia
780 2083 880 2160 plura,
909 2084 997 2140 immo
1021 2084 1117 2142 missis
1141 2082 1317 2159 ambagibus

198 2173 356 2247 proferam,
381 2172 452 2247 quid
476 2172 610 2230 sentiam.
640 2171 819 2228 Persuasum
843 2172 920 2229 enim
943 2172 1016 2229 mihi
1040 2178 1084 2230 est
1099 2171 1225 2230 Patricii
1248 2191 1316 2229 con·

197 2261 352 2319 fossionem
384 2267 414 2319 et
445 2261 602 2336 epistulam
637 2280 696 2318 non
731 2261 824 2318 solum
860 2281 918 2318 non
954 2281 1120 2338 repugnare
1155 2261 1204 2333 iis,
1240 2280 1317 2336 quae

198 2355 323 2408 exeunte
347 2350 462 2408 saeculo
486 2350 612 2427 septimo
636 2348 671 2405 de
692 2347 818 2407 Patricii
840 2349 997 2408 itineribus
1020 2371 1074 2428 per
1090 2348 1204 2408 Gallias
1227 2354 1317 2426 atque

196 2439 316 2496 Italiam
341 2437 423 2497 Scoti
446 2440 620 2509 narrabant,
655 2436 707 2496 sed
731 2438 820 2496 etiam
844 2459 922 2511 cum,
959 2441 1059 2515 quales
1089 2459 1165 2496 nunc
1189 2443 1317 2509 exstant,

197 2533 269 2600 tam,
295 2528 397 2602 quales
421 2528 490 2585 olim
506 2529 597 2586 fuisse
613 2526 760 2600 videntur,
784 2527 865 2585 illam
889 2528 984 2606 ipsam
1007 2528 1207 2586 narrationem
1231 2547 1318 2604 posse

197 2617 245 2674 vel
253 2615 402 2693 ‘potuisse
425 2615 606 2674 confirmare.
652 2614 842 2692 Argumenta
869 2622 980 2689 autem,
1011 2617 1119 2693 quibus
1149 2616 1220 2674 mihi
1251 2636 1317 2693 per-

197 2724 316 2763 suasum
339 2711 398 2778 est,
422 2712 490 2765 sunt
512 2705 631 2763 haecce:

287 2794 463 2871 Dispersum
485 2815 516 2853 ss
540 2815 603 2852 esse
625 2800 728 2853 narrat
743 2794 893 2852 Patricius
915 2815 970 2872 per
984 2800 1086 2870 gentes
1103 2795 1212 2852 multas
1229 2795 1318 2868 (conf.

197 2904 227 2961 p.
245 2883 334 2960 297),
365 2884 417 2942 sed
440 2903 585 2959 quaenam
608 2883 720 2941 fuerint
743 2883 811 2941 illae
835 2888 938 2959 gentes
962 2903 1021 2941 non
1045 2884 1126 2942 dicit.
1172 2883 1319 2941 Attamen

198 2972 283 3047 quasi
304 2973 488 3049 praeteriens
516 2993 576 3030 non
605 2973 699 3030 solum
723 2972 759 3028 de
782 2972 938 3030 Britannis
967 2978 996 3031 et
1024 2972 1120 3031 Scotis
1149 2972 1201 3030 sed
1228 2972 1319 3030 etiam

199 3060 234 3117 de
251 3059 347 3119 Gallis
368 3067 398 3118 et
413 3061 556 3118 Romanis
580 3060 757 3119 mentionem
781 3062 860 3119 fecit.
906 3061 1014 3137 Itaque
1037 3082 1102 3119 cum
1127 3060 1206 3118 dicat
1229 3061 1320 3135 (conf.

197 3169 226 3225 p.
244 3149 321 3223 309)
345 3155 448 3225 optare
472 3169 547 3220 sese,
583 3154 617 3206 ut
644 3148 733 3207 liceat
760 3150 818 3207 sibi
844 3147 887 3208 ire
913 3169 971 3208 ooo
997 3147 1091 3208 solum
1118 3148 1160 3208 ad
1182 3147 1320 3229 patriam

198 3235 249 3296 aed
272 3234 359 3296 etiam
385 3255 474 3317 usqae
501 3235 543 3295 cd
567 3230 698 3297 Gallium
720 3244 745 3295 et
767 3235 884 3298 oddara
910 3236 1025 3318 fratrea
1051 3258 1131 3308 suos,
1164 3245 1196 3296 ut
1223 3235 1321 3296 adeat

190 3324 304 3406 faciem
325 3333 492 3385 sanctorum
508 3321 634 3386 Domini
654 3323 708 3396 aui,
733 3334 763 3385 et
787 3347 852 3384 cum
875 3327 977 3385 laudet
993 3329 1049 3404 (ep.
1068 3330 1096 3400 7,
1112 3348 1140 3404 p.
1159 3327 1235 3403 317)
1251 3345 1318 3385 111-

198 3413 377 3476 auetudicem
400 3412 608 3474 Romanorum
632 3408 841 3496 Gallorumque
865 3412 1109 3485 Christianorum,
1132 3413 1183 3496 qui
1203 3413 1321 3474 mitram

196 3501 376 3585 presbyteros
403 3513 516 3563 sanctos
544 3502 662 3564 idoneos
694 3503 735 3562 ud
766 3500 900 3564 Francos
932 3513 957 3563 et
987 3513 1099 3564 caterae
1127 3511 1222 3583 pentes
1252 3523 1321 3562 cum

198 3600 239 3651 tot
266 3589 383 3651 milibus
417 3590 579 3674 solidorum
616 3591 657 3651 ud
688 3591 873 3652 redimendos
908 3590 1034 3673 captivos
1070 3590 1243 3673 baptizatos,
1276 3627 1320 3637 —

199 3687 325 3758 apparet
348 3701 452 3739 revera
476 3679 629 3738 Gallorum
652 3688 771 3757 gentem
793 3702 883 3739 unam
907 3703 968 3740 esse
992 3702 1028 3739 ex
1058 3681 1108 3753 iis,
1139 3682 1169 3739 in
1193 3701 1320 3758 quarum

198 3770 335 3846 regiones
351 3769 517 3846 dispersum
539 3791 570 3828 se
594 3790 656 3828 esse
680 3778 784 3829 auctor
806 3770 940 3829 tradidit.
972 3770 1156 3843 Quinetiam
1173 3771 1321 3847 expressis
1398 3783 1401 3788 ’

199 3859 297 3918 verbis
312 3858 463 3917 Patricius
485 3859 517 3916 in
540 3859 722 3917 confessione
737 3859 855 3917 videtur
878 3860 1055 3917 mentionem
1079 3860 1182 3917 fecisse
1206 3858 1242 3917 de
1266 3879 1321 3917 sua

198 3946 230 4003 in
254 3945 350 4006 Gallis
374 3948 616 4020 commoratione,
651 3948 702 4005 sed
726 3955 787 4007 tam
810 3949 952 4026 perplexa
975 3955 1045 4007 sunt
1068 3949 1172 4021 verba,
1206 3955 1241 4007 ut
1263 3968 1320 4025 pro

200 4042 281 4094 certo
305 4037 346 4094 nil
370 4035 511 4095 affirmari
538 4036 641 4114 possit.
688 4034 738 4094 An
766 4043 851 4114 potes
880 4035 1055 4095 Germanice
1084 4043 1199 4095 vertere
1227 4038 1321 4096 verba

199 4123 318 4182 haecce:
351 4133 529 4205 oportet...
550 4123 610 4184 stae
632 4123 734 4184 timore
746 4122 928 4207 fiducialiter
951 4124 1000 4186 dci
1020 4145 1123 4184 nomm
1145 4124 1248 4206 ubique
1271 4145 1320 4185 ea·-

194 4212 343 4291 pandere,
377 4223 409 4272 ut
436 4211 524 4274 etiam
553 4222 620 4292 post
647 4211 755 4272 obitum
781 4231 878 4272 mcum
906 4234 947 4297 as
968 4234 988 4272 c
1017 4209 1131 4275 Gallica
1158 4212 1322 4295 relinquere

191 4299 341 4382 frutribus
356 4300 469 4386 etfiliis
484 4301 565 4372 mea,
582 4322 652 4383 quoa
665 4301 695 4360 ia
705 4298 837 4362 Domino
853 4322 904 4384 ego
919 4301 1067 4382 imprimat
1077 4305 1165 4378 (conf.
1178 4325 1206 4381 p.
1221 4303 1321 4380 300)?
