3024 4920
738 183 958 244 ..36-

290 363 404 425 tatione
435 364 471 422 de
500 362 633 423 Patricio
664 369 695 423 et
723 363 872 437 Palladio,
902 364 938 422 de
970 364 1211 430 annotationibus
1240 364 1413 424 Hibernicis

291 453 493 514 disserendum
517 455 582 514 erit.

379 541 427 601 Ao
451 543 578 620 primum
603 543 722 619 quidem
746 542 782 600 de
806 542 999 601 annotatione
1022 542 1058 600 de
1073 541 1205 601 Patricio
1222 547 1251 622 et
1266 542 1412 601 Palladio.

290 632 384 704 Haeo,
417 652 483 690 cum
507 638 575 689 ante
599 652 709 691 annum
734 632 797 689 807
823 631 989 709 conscripta
1013 631 1052 690 611
1075 631 1146 707 (vid.
1170 652 1251 709 supr.
1275 632 1312 690 de
1335 632 1412 689 libro

290 718 451 779 Ardmach.
474 742 503 798 p.
529 721 593 797 32),
624 720 793 779 testimonio
824 727 870 779 est
899 721 1020 778 ineunte
1051 721 1166 780 saeculo
1197 740 1274 779 nono
1307 719 1412 780 866166

290 810 441 886 putavisse
465 808 632 868 Patricium
659 809 780 868 missum
804 829 867 868 esse
891 831 908 867 a
932 808 1101 867 0661661166
1124 829 1211 887 papa.
1258 809 1412 883 Quomodo

291 898 397 956 missus
425 898 465 956 sit
487 898 505 956 1.
530 918 554 955 6.
577 904 677 957 utrum
708 899 772 976 ipse
796 897 981 956 Caelestinus
1003 898 1129 970 Romae,
1160 919 1198 956 an
1226 898 1302 956 61166
1325 901 1413 973 jussu

293 1007 389 1064 papae
417 986 475 1045 alio
505 987 570 1045 loco
593 986 757 1046 Patricium
781 987 951 1064 episcopum
975 987 1203 1060 consecraverit,
1233 987 1298 1064 ipsa
1321 1007 1412 1046 anno·

290 1076 365 1134 tatio
396 1096 455 1135 666
487 1076 660 1153 explicavit,
691 1082 789 1135 tamen
819 1077 856 1134 ab
884 1076 938 1135 hac
966 1075 1158 1134 annotatione
1181 1075 1343 1154 repetenda
1366 1083 1413 1135 est

291 1165 375 1241 origo
400 1185 499 1222 earum
516 1165 728 1238 narrationum,
752 1184 826 1241 quas
843 1164 1015 1242 posterioris
1031 1165 1173 1241 temporis
1189 1165 1269 1223 vitae
1285 1163 1412 1223 Patricii

290 1254 432 1312 exhibent
455 1259 609 1313 narrantes
633 1254 671 1313 ab
694 1254 758 1331 ipso
780 1253 947 1312 Caelestino
964 1253 1128 1312 Patricium
1152 1254 1182 1310 in
1206 1253 1413 1332 episcoporum

289 1362 442 1401 numerum
458 1363 521 1401 6666
537 1348 688 1420 receptum
705 1342 759 1418 (sic
775 1361 811 1399 ex
827 1342 898 1401 vitis
914 1362 1005 1420 supra
1021 1365 1050 1420 p.
1065 1343 1105 1400 32
1120 1363 1163 1420 sq.
1177 1343 1412 1401 commemoratis

289 1431 369 1490 vitae
393 1431 447 1490 sub
473 1430 580 1489 5-10
597 1433 806 1506 enumeratae).
845 1431 928 1504 Quae
949 1451 1014 1489 cum
1030 1431 1073 1489 ita
1088 1431 1157 1503 sint,
1181 1436 1306 1509 apparet
1322 1452 1410 1508 quam

289 1539 445 1598 perperam
470 1519 641 1593 Schoellius,
666 1540 732 1578 cum
756 1519 858 1577 eadem
882 1519 918 1577 de
941 1520 1074 1579 Patricio
1098 1541 1116 1578 a
1140 1520 1308 1579 (1661661166
1331 1541 1410 1597 papa

289 1612 460 1667 consecrato
491 1608 622 1667 narratio
653 1609 787 1667 exeuntis
818 1608 927 1667 saeculi
957 1609 1028 1667 6661
1058 1610 1242 1686 temporibus
1266 1610 1355 1668 etiam
1379 1609 1411 1666 in

290 1695 392 1755 Gallia
415 1702 552 1755 occurrat
574 1698 654 1774 apud
677 1697 831 1755 Heiricum
854 1695 1146 1757 Autissiodorensem
1163 1696 1409 1774 (111666616066-

289 1786 369 1843 mani
398 1783 468 1844 Act.
492 1784 545 1844 88.
570 1785 646 1843 Β611.
669 1785 746 1845 Julii
770 1786 809 1842 31
840 1806 864 1843 6.
887 1786 931 1859 Π,
961 1788 1000 1844 21
1034 1808 1062 1864 p.
1088 1787 1174 1863 259),
1203 1788 1340 1866 opinatus
1371 1788 1411 1845 sit

289 1874 423 1951 (Herzog
445 1874 483 1932 R.
499 1875 535 1932 R.
562 1875 598 1932 11
626 1895 654 1951 p.
680 1872 758 1954 208)
781 1874 982 1933 narrationem
1004 1876 1085 1933 illam
1110 1876 1145 1934 de
1165 1876 1298 1935 Patricio
1314 1876 1411 1933 Roma

288 1964 377 2022 misso
410 1963 441 2021 in
472 1962 572 2022 Gallia
604 1983 666 2022 6666
699 1963 863 2022 confictam.
917 1964 1025 2037 Immo,
1062 1985 1128 2023 cum
1157 1965 1296 2023 Heiricus
1328 1963 1411 2024 86611

289 2052 442 2127 cujusdam
458 2053 622 2131 discipulus
637 2053 728 2112 fuisse
744 2052 882 2112 tradatur
898 2053 970 2128 (vid.
986 2053 1197 2126 wattenbach,
1221 2052 1409 2111 Geschiohts·

289 2141 414 2217 quellen.
451 2142 479 2198 4.
503 2139 591 2199 Ausl.
620 2141 645 2214 Ι,
674 2163 703 2219 p.
728 2141 806 2217 244)
835 2141 900 2219 ipsa
927 2142 1043 2200 Heirioi
1072 2141 1204 2200 namatio
1236 2141 1411 2218 comprobat

288 2227 394 2288 866166
417 2237 489 2287 1666
511 2236 632 2307 putasse
655 2229 834 2301 Patricium,
865 2229 1008 2289 Germani
1030 2229 1250 2302 amicissimum,
1282 2231 1320 2287 ab
1344 2229 1409 2306 ipso

289 2318 457 2377 0661661166
475 2323 676 2378 consecratum
693 2318 790 2376 Roma
814 2339 851 2377 ex
866 2319 939 2376 urbe
962 2319 1084 2377 missum
1100 2318 1208 2377 666616
1224 2318 1409 2376 Hiberniam.

288 2407 396 2484 Itaque
424 2407 496 2484 quid
522 2408 643 2480 mirum,
676 2408 754 2484 quod
782 2429 816 2466 ea
839 2406 904 2484 ipsa
927 2407 991 2467 vita
1012 2407 1149 2480 Patricii,
1180 2427 1256 2483 quae
1278 2407 1325 2465 his
1347 2408 1409 2466 1666

288 2496 472 2573 temporibus
495 2497 662 2573 conscripta
686 2503 731 2556 est
754 2495 850 2573 (Colg.
867 2495 915 2555 IV
938 2517 1028 2574 supra
1051 2518 1080 2575 p.
1105 2497 1156 2569 32,
1182 2496 1223 2572 5),
1247 2516 1313 2554 oum
1336 2496 1409 2555 Η61-

287 2583 343 2642 rici
371 2584 543 2643 narratione
574 2584 722 2644 consentit
745 2584 834 2643 etiam
858 2584 894 2643 de
919 2583 1068 2644 Germano
1092 2584 1257 2644 Patricium
1280 2585 1408 2643 Romam

288 2672 448 2731 mittente?

377 2759 464 2820 Alias
487 2783 534 2821 res
548 2761 697 2821 Muirchui
712 2762 784 2835 vita,
808 2782 826 2819 6
842 2781 900 2838 qua
916 2761 979 2820 vita
996 2761 1078 2837 Oolg.
1095 2761 1130 2819 ΙΙ
1146 2763 1249 2839 (supra
1264 2783 1292 2839 p.
1308 2763 1358 2834 32,
1375 2762 1409 2838 4)

289 2856 320 2910 61
330 2850 471 2910 historiae
483 2850 643 2911 Britonum
656 2871 731 2928 quae
743 2850 846 2910 addita
858 2854 929 2909 sunt
939 2850 1065 2909 Patrioii
1077 2857 1144 2908 6616
1157 2852 1259 2928 (supra
1270 2872 1299 2928 p.
1312 2853 1361 2921 32,
1376 2852 1409 2927 2)

288 2940 424 3016 profecta
452 2940 550 3014 sunt1,
580 2941 738 2999 memoriae
761 2939 903 3018 prodidit.
949 2941 1060 3000 Narrat
1083 2939 1161 2997 enim
1183 2939 1347 2997 Patricium
1371 2941 1409 2998 ab

288 3027 436 3085 Hibernia
458 3029 632 3106 profectum,
656 3037 687 3087 61
709 3026 817 3087 aderet
839 3027 937 3086 666166
958 3023 1148 3107 apostolicam
1170 3036 1196 3086 61
1219 3027 1339 3088 disceret
1361 3048 1408 3086 66-

283 3112 429 3192 66611661
459 3115 570 3193 (Capit.
595 3114 677 3174 Aidi.
707 3116 835 3174 Betham
863 3115 906 3187 II,
935 3137 1003 3194 app.
1026 3138 1055 3194 p.
1079 3116 1201 3193 VLIII)
1232 3117 1346 3177 venisse
1377 3117 1409 3175 in

288 3202 417 3262 Galliam
449 3203 487 3262 ad
517 3204 561 3264 81.
593 3203 782 3263 Germanum.
835 3204 897 3263 Ubi
932 3225 998 3262 cum
1027 3210 1194 3263 moraretur
1225 3226 1291 3264 cum
1322 3206 1409 3264 sociis

287 3291 420 3366 Auxilio,
443 3292 588 3367 Isernino,
613 3293 688 3366 aliis,
711 3294 821 3352 famam
844 3313 907 3352 6666
930 3294 1050 3353 allatam
1074 3293 1111 3351 de
1127 3293 1262 3352 Palladio
1279 3294 1407 3353 Romam

286 3401 441 3441 reversuro
466 3388 497 3442 et
518 3382 550 3441 16
565 3382 740 3441 Britonibus
756 3387 882 3441 mortuo.
922 3383 986 3457 Quo
1003 3382 1108 3442 nuntio
1125 3382 1226 3441 audito
1242 3382 1407 3442 Patricium

285 3475 435 3548 receptum
459 3473 497 3530 ab
521 3472 658 3549 episcopo
674 3470 877 3547 Amathorege
901 3473 949 3546 ms.
968 3470 1065 3530 Skene
1080 3471 1123 3542 II,
1147 3492 1176 3549 p.
1194 3471 1255 3529 431
1274 3477 1334 3530 661.
1354 3473 1408 3548 19)

286 3558 317 3616 16
342 3559 546 3637 episcoporum
570 3579 723 3618 numerum
744 3560 776 3617 in
792 3560 969 3618 Hiberniam
984 3560 1115 3631 rediisse,
1138 3564 1173 3617 ut
1187 3560 1317 3618 Palladii
1333 3581 1409 3637 opus

286 3647 446 3726 exciperet.
469 3648 577 3725 Itaque
593 3654 670 3708 teste
682 3648 837 3707 Muircbuo
848 3649 998 3707 Patricius
1014 3648 1132 3707 omnino
1144 3648 1258 3707 Romae
1269 3669 1328 3707 non
1340 3650 1407 3709 fuit.

375 3736 488 3795 066166
512 3736 708 3810 Τ16661ι6666,
741 3737 792 3814 qui
822 3738 858 3795 de
882 3737 1018 3796 Palladio
1043 3743 1073 3795 et
1097 3736 1263 3797 (1661661166
1288 3738 1407 3796 omnino

285 3826 377 3884 verba
393 3845 453 3884 non
468 3825 548 3899 fecit,
565 3846 744 3903 quamquam
761 3833 790 3885 61
806 3826 869 3905 ipse
887 3847 922 3884 ex
939 3825 1037 3885 Gallia
1053 3825 1092 3885 ad
1108 3826 1285 3885 Hiberniam
1301 3847 1408 3886 navem

358 3999 369 4030 ¹
388 3998 494 4053 Tamen
511 4002 631 4068 utraque
650 3999 709 4052 vita
728 3997 871 4053 Muirohui
889 3997 1081 4052 narrationem
1101 4000 1141 4051 ita
1160 3999 1289 4064 mutavit,
1308 4003 1341 4053 ut
1353 3998 1406 4053 Pa-

287 4066 401 4123 tricium
420 4087 483 4124 curn
503 4070 637 4153 episcopo
656 4070 787 4123 Romano
807 4070 912 4123 arctius
932 4071 1127 4139 conjungeret,
1148 4087 1214 4123 nam
1232 4071 1312 4138 prior
1326 4071 1407 4138 jussu

285 4156 378 4264 &apae
402 4139 558 4194 Patricium
582 4141 617 4194 ab
642 4139 837 4208 Amathorege
862 4144 1054 4194 consecratum
1079 4157 1139 4195 6666
1164 4145 1261 4193 narrat
1284 4141 1404 4211 (8611ὃ11,

316 4226 400 4293 erzog
424 4210 459 4265 R.
484 4210 517 4265 Il.
543 4212 627 4280 119.
653 4212 731 4280 207),
764 4210 855 4264 611666
879 4209 999 4264 Romam
1024 4228 1087 4265 eum
1113 4211 1269 4279 perrexisse
1295 4211 1407 4266 addidit

285 4280 435 4350 (,Nenn1us
457 4282 521 4338 hist.
542 4229 618 4335 Britp.
635 4283 651 4352 ξ
672 4283 727 4350 50).
