3024 4920
644 184 986 277 -2119-W

189 362 356 421 Bonifatio
377 381 436 420 non
452 364 554 421 obesse
570 381 629 420 non
644 367 792 439 poterant,
808 361 872 431 nisi
888 362 988 420 odium
1002 362 1077 421 illud
1092 362 1203 441 gentile
1219 360 1321 421 eodem

204 452 290 510 modo
321 451 492 526 abjecerant
522 456 612 529 atque
642 451 676 524 ii,
709 451 760 529 qui
790 451 821 508 in
851 452 984 530 ipsorum
1010 450 1183 528 vAnglorum
1213 444 1321 510 finibus

192 541 380 602 'habitabant
396 542 445 616 (cf.
460 560 551 617 supra
565 562 595 618 p.
609 540 672 616 28).
707 538 783 598 Eam
799 541 836 598 oh
853 530 976 601 causam
987 539 1075 601 etiam
1091 540 1123 599 in
1138 539 1322 613 Britonibus,

204 630 306 706 quales
329 629 438 706 singuli
462 635 568 702 essent,
592 629 794 706 quaerendum
818 636 889 688 erat.

190 750 196 755 ·
219 758 222 767 .
290 718 399 794 Itaque
415 737 490 792 oum,
512 727 602 798 prout
617 719 727 795 singuli
743 710 835 791 erant,
857 718 997 786 Britones
1012 718 1167 788 Bonifatio
1182 718 1321 798 prodesse

203 807 285 867 Scoti
301 809 402 867 obesse
418 808 578 886 potuerint,
599 807 639 865 ¹de
654 807 831 866 Britonibus
842 813 877 879 ¹et
893 804 998 882 Sectis,
1015 807 1044 865 ln
1062 827 1135 885 quos
1151 807 1321 881 Bonifatius

195 896 316 970 incidit,
340 898 371 956 in
386 897 557 956 universum
570 896 630 971 dici
646 917 704 954 non
720 902 828 974 potest,
852 896 912 970 sed,
934 900 1018 973 cujus
1033 895 1160 963 interest
1175 894 1211 974 ex
1226 917 1320 975 aequo

200 986 334 1062 judicare
352 987 392 1044 ¹de
416 986 578 1058 Bonifatio,
602 986 637 1058 ei,
662 993 806 1062 quantum
828 984 894 1044 fieri
913 991 1022 1066 potest,
1045 985 1322 1047 disserendum'erit

201 1076 237 1133 de
260 1073 410 1152 singulis.1
1053 1096 1056 1101 ·

201 1234 371 1296 recusasset,
397 1247 449 1298 pro
469 1230 588 1283 Britone
607 1230 656 1300 (cl.
678 1248 762 1298 supra
781 1248 809 1298 p.
829 1229 876 1299 27)
896 1247 925 1283 se
965 1231 1064 1284 essisse
1082 1231 1237 1300 putabatur
1256 1230 1320 1299 (sit.

202 1300 293 1427 Coqrb.1
298 1306 414 1426 auqtore
427 1301 554 1429 9A9riboq1e
559 1301 676 1442 1iqredita
689 1302 725 1359 cf.
739 1300 862 1368 Riezler,
877 1248 1048 1356 Geschichte
1058 1302 1177 1356 Baierns
1189 1300 1213 1367 I,
1228 1318 1255 1370 p.
1269 1301 1318 1356 101

201 1390 259 1428 no.
298 1391 407 1442 ,c.p.
480 1389 538 1428 no.
561 1400 596 1429 ¹.

275 1446 286 1478 ¹
305 1445 455 1514 Optaverit
474 1446 593 1500 fortasse
612 1446 753 1517 quispiam
772 1446 810 1509 ut,
832 1461 895 1501 cum
914 1445 1025 1499 constet
1043 1444 1153 1514 saepius
1173 1459 1319 1513 apparere,

204 1517 278 1570 unde
297 1517 353 1572 sint
372 1517 508 1570 ecclesiae
528 1518 673 1587 cujusdam
692 1516 860 1586 primordia,
880 1532 915 1569 ex
929 1532 1030 1570 sacrae
1050 1515 1206 1584 scripturae
1225 1514 1320 1569 verbis

191 1588 232 1641 ”in
249 1587 383 1642 Latinum
400 1588 560 1652 translatis,
581 1589 719 1643 rationem
737 1585 885 1644 habuerim
903 1603 1000 1642 sacrae
1018 1587 1176 1656 scripturae
1193 1586 1322 1641 laconum

201 1677 218 1713 a
230 1659 378 1714 Britonum
398 1665 427 1712 et
440 1659 590 1713 Scotorum
609 1660 795 1729 scriptoribus
808 1659 839 1713 in
851 1659 931 1714 libris
945 1659 1001 1714 suia
1015 1660 1272 1726 transscriptorum,
1287 1689 1321 1699 —

201 1730 252 1782 sed
272 1731 307 1783 de
325 1731 465 1783 industria
484 1730 519 1783 de
538 1730 591 1784 hac
610 1747 641 1784 re
661 1732 756 1785 dicere
775 1729 865 1795 omisi,
905 1731 953 1785 uia
970 1746 1071 1799 parum
1089 1730 1162 1784 lucri
1181 1731 1322 1800 apportat.

202 1799 276 1852 Nam
301 1816 408 1853 summa
431 1818 495 1855 cum
518 1802 668 1870 diligentia
686 1802 843 1858 Haddanus
862 1748 915 1867 (li.
934 1798 991 1855 and
1010 1800 1051 1855 St.
1070 1799 1095 1866 Ι,
1119 1819 1146 1869 p.
1166 1799 1321 1868 tro-198)

192 1887 297 1924 omnes
315 1871 473 1939 scripturae
492 1890 588 1926 sacrae
606 1875 691 1940 locos,
711 1874 760 1942 qui
778 1876 809 1928 in
828 1873 950 1943 antiquis
968 1872 1153 1941 scriptoribus
1168 1876 1197 1925 et
1209 1872 1239 1925 in
1251 1887 1321 1927 non·

200 1942 287 1996 nullis
311 1942 456 1997 codicibus
476 1943 626 1997 Britonum
651 1949 681 1998 et
699 1943 849 1999 Scotorum
872 1942 1068 2009 inveniuntur,
1095 1943 1270 2014 comparavit
1293 1948 1322 1996 et

191 2016 264 2065 'cum
275 2012 402 2083 Vulgata
422 2017 451 2067 et
469 2032 533 2068 oum
551 2017 636 2070 variis
649 2015 741 2069 Italae
761 2016 907 2084 exemplis,
926 2031 1018 2085 neque
1036 2014 1104 2071 inde
1122 2015 1244 2071 fructum
1256 2029 1319 2083 per·

201 2084 285 2152 cepit,
305 2085 359 2138 nisi
379 2086 454 2155 quod
474 2086 627 2140 lectoribus
640 2089 780 2156 persuasit
793 2085 983 2141 fuisseItalae
997 2088 1158 2162 exemplum
1169 2085 1321 2141 Britonum

86 2177 89 2183 ·
200 2158 231 2207 et
248 2153 398 2210 Scotorum
416 2158 563 2226 proprium
584 2158 632 2227 (of.
651 2159 670 2211 1.
692 2174 714 2212 c.
735 2175 763 2226 p.
786 2157 837 2213 170
855 2162 913 2212 not.
933 2157 972 2227 1).

269 2226 336 2281 Alio
349 2231 444 2285 autem
459 2229 495 2285 ad
506 2233 661 2283 extremum
676 2229 855 2301 degredienti
868 2230 955 2284 liceat
967 2222 1038 2284 mihi
1048 2228 1177 2300 conferre
1187 2227 1321 2297 antiquae

201 2295 350 2352 Scotorum
370 2299 506 2353 ecclesiae
525 2300 672 2354 historiam
692 2307 721 2355 et
740 2302 834 2356 varias
854 2302 889 2355 de
909 2319 943 2356 ea
960 2300 1086 2355 virorum
1098 2301 1246 2355 doctorum
1259 2316 1321 2352 sen·

198 2368 302 2422 tentius
327 2386 391 2422 cum
417 2371 536 2427 historia
555 2373 684 2440 picturae
702 2372 818 2429 minoris
838 2373 1012 2427 Hibernicae
1032 2376 1061 2426 et
1080 2388 1144 2425 cum
1162 2369 1320 2434 sententiis,

203 2454 271 2506 quas
291 2441 327 2494 de
345 2440 395 2494 illa
414 2442 470 2494 viri
488 2444 566 2496 docti
584 2445 719 2498 tulerunt.

271 2511 390 2567 Constat
418 2513 492 2566 enim
518 2513 594 2567 inter
618 2531 714 2568 omnes
740 2516 789 2584 (cf.
816 2514 930 2580 Liibke,
960 2511 1111 2567 Grundriss
1136 2513 1187 2570 der
1211 2511 1321 2566 Kunst·

191 2582 365 2650 geschichte
378 2583 401 2647 I,
416 2600 444 2651 p.
456 2583 520 2652 277)
535 2587 645 2638 veteres
659 2584 770 2640 codices
780 2584 950 2639 Hibernicos
964 2589 1116 2641 exornatos
1129 2601 1189 2640 esse
1202 2582 1321 2652 picturis

199 2654 355 2708 minoribus
375 2655 571 2709 dissimillimis
590 2655 632 2720 iis,
653 2673 726 2725 quae
745 2656 814 2710 alibi
832 2656 1022 2711 inveniuntur.
1062 2655 1135 2711 Nam
1153 2673 1211 2709 non
1229 2654 1321 2708 solum

200 2723 312 2779 litterae
331 2726 461 2797 grandes,
483 2724 650 2792 „Initiales‘
668 2732 701 2782 ut
719 2728 806 2798 ajunt,
827 2732 857 2782 et
868 2729 948 2782 varia
960 2729 1011 2781 illa
1024 2732 1198 2790 ornamenta,
1219 2726 1321 2794 quibus

199 2795 311 2851 librarii
324 2801 353 2851 et
366 2799 430 2853 illas
445 2798 534 2852 veluti
547 2798 632 2852 sertis
644 2799 831 2854 redimierunt
841 2805 870 2853 et
880 2800 992 2871 singula
1001 2798 1071 2851 folia
1080 2796 1319 2868 marginaverunt,

198 2869 305 2936 scripta
325 2869 420 2939 potius
434 2887 517 2937 quam
529 2870 608 2938 picta
620 2886 680 2924 esse
692 2871 833 2935 videntur,
854 2871 904 2924 sed
916 2869 1002 2940 ipsae,
1023 2886 1094 2939 quae
1107 2869 1230 2923 insertae
1243 2872 1319 2932 sunt,

199 2940 344 2992 hominum
369 2940 415 2994 vel
439 2939 593 2994 bestiarum
612 2942 762 3010 imagines,
783 2941 843 2996 sine
857 2942 920 2996 ulla
939 2941 1092 3014 graphidos
1112 2935 1230 2994 scientia
1249 2937 1319 2992 deli-

199 3014 308 3075 neatae,
329 3011 400 3065 adeo
420 3011 624 3083 calligraphiae
644 3013 738 3081 potius
758 3031 842 3081 quam
860 3014 989 3083 picturae
1008 3013 1151 3082 specimen
1170 3009 1318 3080 praebent,

193 3085 232 3134 'ut
243 3082 329 3135 solius
343 3083 524 3149 symmetriae
536 3084 643 3152 regulis
657 3084 778 3139 vestium
790 3085 948 3154 plicaturae
962 3085 1140 3149 conveniant,
1156 3082 1320 3152 quinetiam

193 3157 231 3207 ut
254 3157 348 3208 vestes
372 3170 584 3223 nonnumquam
607 3173 765 3224 pannorum
782 3156 867 3211 modo
887 3172 1006 3226 corpora
1024 3155 1189 3220 redimiant,
1216 3158 1247 3207 et
1264 3152 1319 3207 sin·

199 3225 259 3294 guli
282 3225 328 3279 vel
355 3225 456 3295 capitis
480 3227 526 3278 vel
549 3225 654 3282 barbae
678 3227 732 3297 pili
756 3231 859 3281 exeant
876 3228 906 3281 in
924 3228 997 3281 varii
1036 3225 1128 3282 siseris
1147 3224 1318 3287 curvamina,

200 3297 363 3351 convolvuli
381 3297 522 3366 pampinis
541 3297 685 3352 simillima
697 3299 773 3373 ¹(vid.
787 3298 834 3368 fig.
849 3298 902 3354 254
921 3299 996 3367 apud
1009 3244 1110 3351 litibus
1128 3298 1147 3349 l.
1162 3314 1185 3350 c.
1201 3313 1228 3366 p.
1243 3292 1318 3363 278).

269 3362 353 3422 Unde
376 3369 447 3422 haec
471 3368 611 3422 mirabilis
636 3370 774 3439 pingendi
794 3371 839 3424 vel
864 3370 958 3438 potins
977 3369 1122 3424 scribendi
1140 3366 1203 3422 ars?
1240 3363 1318 3420 Non·

200 3438 279 3503 nulli,
299 3444 331 3492 ut
350 3437 514 3494 Muenterus
535 3440 632 3494 etalii
652 3441 795 3506 ecclesiae,
815 3442 856 3495 ita
875 3441 961 3496 etiam
980 3441 1050 3494 artis
1070 3438 1244 3494 Hibernicae
1263 3436 1318 3492 o'ri·

201 3509 296 3577 ginem
314 3510 349 3564 ab
364 3512 472 3565 oriente
486 3517 531 3581 (ac
545 3512 658 3580 quidem
672 3529 706 3566 ex
719 3513 868 3584 Aegypto)
881 3512 1064 3583 repetendam
1076 3528 1137 3565 esse
1150 3509 1320 3565 censuerunt

200 3584 299 3648 (nuum
317 3597 352 3634 ex
371 3584 467 3636 multis
479 3583 593 3638 nomino
606 3583 763 3648 Kellerum,
783 3583 879 3640 Bilder
890 3585 948 3638 aad
959 3582 1131 3653 Schriftzdpe
1142 3583 1190 3637 der
1201 3579 1320 3634 irischea

200 3651 390 3721 Muaascripte
408 3654 438 3706 in
451 3654 661 3726 Mittbeiluaqea
679 3657 727 3710 der
739 3656 961 3725 uatiquuriscluea
974 3653 1152 3722 Gmedscbcft
1162 3653 1193 3707 iu
1207 3648 1318 3706 marat.

201 3726 226 3776 7.
246 3723 337 3778 Banu.
367 3726 449 3781 1853.
474 3744 501 3793 p.
522 3726 555 3781 61
575 3744 645 3796 sqq,
665 3745 693 3796 p.
713 3727 769 3796 74),
790 3728 847 3792 alii,
869 3731 900 3780 ut
918 3727 1063 3781 Ebrardus
1083 3725 1231 3779 ecclesiam
1251 3722 1318 3775 Sco·

199 3798 293 3848 torum
316 3799 426 3849 tantum
451 3798 493 3850 sui
519 3797 638 3851 similem
662 3798 750 3852 fuisse
770 3798 901 3866 opinatus
921 3802 976 3863 est,
1000 3799 1042 3852 ita
1061 3796 1161 3851 Scotos
1181 3793 1318 3862 exemplis

199 3865 250 3988 adt
258 3865 425 3920 imitandum
449 3885 506 3921 non
529 3869 683 3937 propositis
708 3870 880 3938 peculiarem
899 3888 977 3924 suam
1002 3874 1092 3923 artem
1115 3867 1169 3921 sibi
1187 3865 1318 3937 genuisse

198 3953 236 4003 pu
251 3942 308 3991 ant.
655 3940 658 3945 ’

271 4007 352 4077 Quod
366 4014 523 4079 utrumque,
545 4010 681 4065 siveram
695 4016 776 4077 esset,
796 4031 860 4066 oum
873 4012 916 4077 iis,
936 4030 1008 4082 quae
1021 4011 1154 4082 saprade
1167 4011 1318 4065 Scotorum

200 4080 319 4134 ecclesia
337 4082 470 4147 diximus,
491 4083 565 4135 male
585 4089 762 4153 congrueret.
800 4083 843 4138 llo
862 4085 970 4153 majore
988 4083 1091 4153 gaudio
1111 4084 1227 4138 affectus
1247 4100 1315 4146 snm,

198 4167 262 4204 cum
286 4154 468 4221 cognoverim
486 4153 642 4208 Antonium
661 4153 859 4224 Springerum,
884 4155 976 4209 virum
1000 4172 1063 4209 mea
1085 4156 1169 4209 laude
1188 4154 1317 4208 doctrina

198 4240 247 4277 sua
269 4224 419 4294 majorem,
446 4226 474 4278 in
499 4225 554 4279 alia
580 4225 615 4278 de
634 4223 784 4279 Scotorum
808 4229 870 4280 arte
892 4227 1032 4281 sententia
1051 4244 1125 4292 esse,
1150 4244 1183 4280 ao
1203 4224 1317 4295 quidem

199 4295 258 4359 tali,
273 4311 345 4362 quae
358 4313 422 4350 cum
434 4300 532 4349 nostra
544 4296 579 4349 de
591 4295 742 4350 Scotorum
754 4297 876 4352 ecelesia
888 4298 1030 4353 sententia
1039 4298 1159 4352 maxime
1171 4299 1316 4366 congruat.
