<?xml version="1.0" encoding="UTF-8"?>
<!DOCTYPE html PUBLIC "-//W3C//DTD XHTML 1.0 Transitional//EN"
    "http://www.w3.org/TR/xhtml1/DTD/xhtml1-transitional.dtd">
<html xmlns="http://www.w3.org/1999/xhtml" xml:lang="en" lang="en">
 <head>
  <title>
</title>
<meta http-equiv="Content-Type" content="text/html;charset=utf-8" />
  <meta name='ocr-system' content='tesseract 3.04.00' />
  <meta name='ocr-capabilities' content='ocr_page ocr_carea ocr_par ocr_line ocrx_word'/>
</head>
<body>
  <div class='ocr_page' id='page_1' title='image "./antiquaebritonu00loofgoog_0085.png"; bbox 0 0 3024 4920; ppageno 0'>
   <div class='ocr_carea' id='block_1_1' title="bbox 646 187 929 242">
    <p class='ocr_par' dir='ltr' id='par_1_1' title="bbox 646 187 929 242">
     <span class='ocr_line' id='line_1_1' title="bbox 646 187 929 242; baseline -0.028 -13"><span class='ocrx_word' id='word_1_1' title='bbox 646 187 929 242; x_wconf 70' lang='lat' dir='ltr'><strong>-7ss-.</strong></span> 
     </span>
    </p>
   </div>
   <div class='ocr_carea' id='block_1_2' title="bbox 190 361 1321 2216">
    <p class='ocr_par' dir='ltr' id='par_1_2' title="bbox 190 361 1321 2216">
     <span class='ocr_line' id='line_1_2' title="bbox 196 361 1321 441; baseline -0.001 -20"><span class='ocrx_word' id='word_1_2' title='bbox 196 363 251 421; x_wconf 94' lang='lat' dir='ltr'><strong>hoc</strong></span> <span class='ocrx_word' id='word_1_3' title='bbox 278 365 342 421; x_wconf 89' lang='lat' dir='ltr'><strong>loco</strong></span> <span class='ocrx_word' id='word_1_4' title='bbox 369 365 484 441; x_wconf 90' lang='lat' dir='ltr'><strong>pariter</strong></span> <span class='ocrx_word' id='word_1_5' title='bbox 506 363 672 441; x_wconf 89' lang='lat' dir='ltr'><strong>respuenda</strong></span> <span class='ocrx_word' id='word_1_6' title='bbox 695 362 735 421; x_wconf 90' lang='lat' dir='ltr'><strong>sit</strong></span> <span class='ocrx_word' id='word_1_7' title='bbox 758 368 848 438; x_wconf 91' lang='lat' dir='ltr'><strong>atque</strong></span> <span class='ocrx_word' id='word_1_8' title='bbox 872 382 976 439; x_wconf 88' lang='lat' dir='ltr'><strong>supra,</strong></span> <span class='ocrx_word' id='word_1_9' title='bbox 1007 361 1059 419; x_wconf 91' lang='lat' dir='ltr'><strong>ubi</strong></span> <span class='ocrx_word' id='word_1_10' title='bbox 1082 361 1118 424; x_wconf 88' lang='lat' dir='ltr'><strong>de</strong></span> <span class='ocrx_word' id='word_1_11' title='bbox 1141 361 1321 422; x_wconf 87' lang='lat' dir='ltr'><strong>Britonibus</strong></span> 
     </span>
     <span class='ocr_line' id='line_1_3' title="bbox 194 451 1319 530; baseline 0.001 -21"><span class='ocrx_word' id='word_1_12' title='bbox 194 454 341 529; x_wconf 80' lang='lat' dir='ltr'><strong>agebatur</strong></span> <span class='ocrx_word' id='word_1_13' title='bbox 364 453 414 528; x_wconf 86' lang='lat' dir='ltr'><strong>(cf.</strong></span> <span class='ocrx_word' id='word_1_14' title='bbox 438 474 466 530; x_wconf 92' lang='lat' dir='ltr'><strong>p.</strong></span> <span class='ocrx_word' id='word_1_15' title='bbox 491 453 532 511; x_wconf 86' lang='lat'><strong>25</strong></span> <span class='ocrx_word' id='word_1_16' title='bbox 557 455 623 528; x_wconf 87' lang='lat' dir='ltr'><strong>sq.).</strong></span> <span class='ocrx_word' id='word_1_17' title='bbox 660 451 738 511; x_wconf 87' lang='lat' dir='ltr'><strong>Nam</strong></span> <span class='ocrx_word' id='word_1_18' title='bbox 761 451 816 509; x_wconf 87' lang='lat' dir='ltr'><strong>hoc</strong></span> <span class='ocrx_word' id='word_1_19' title='bbox 840 470 957 527; x_wconf 90' lang='lat' dir='ltr'><strong>quoque</strong></span> <span class='ocrx_word' id='word_1_20' title='bbox 980 452 1044 508; x_wconf 90' lang='lat' dir='ltr'><strong>loco</strong></span> <span class='ocrx_word' id='word_1_21' title='bbox 1068 451 1239 510; x_wconf 87' lang='lat' dir='ltr'><strong>testimonia</strong></span> <span class='ocrx_word' id='word_1_22' title='bbox 1255 471 1319 510; x_wconf 88' lang='lat' dir='ltr'><strong>sae·</strong></span> 
     </span>
     <span class='ocr_line' id='line_1_4' title="bbox 194 540 1320 619; baseline 0.001 -21"><span class='ocrx_word' id='word_1_23' title='bbox 194 542 262 599; x_wconf 91' lang='lat' dir='ltr'><strong>culo</strong></span> <span class='ocrx_word' id='word_1_24' title='bbox 285 541 440 600; x_wconf 89' lang='lat' dir='ltr'><strong>undecimo</strong></span> <span class='ocrx_word' id='word_1_25' title='bbox 464 541 565 619; x_wconf 89' lang='lat' dir='ltr'><strong>priora</strong></span> <span class='ocrx_word' id='word_1_26' title='bbox 588 561 647 599; x_wconf 93' lang='lat' dir='ltr'><strong>non</strong></span> <span class='ocrx_word' id='word_1_27' title='bbox 671 547 803 613; x_wconf 87' lang='lat' dir='ltr'><strong>exstant,</strong></span> <span class='ocrx_word' id='word_1_28' title='bbox 833 540 891 598; x_wconf 88' lang='lat' dir='ltr'><strong>nisi</strong></span> <span class='ocrx_word' id='word_1_29' title='bbox 913 540 991 598; x_wconf 83' lang='lat' dir='ltr'><strong>forte</strong></span> <span class='ocrx_word' id='word_1_30' title='bbox 1014 545 1167 617; x_wconf 88' lang='lat' dir='ltr'><strong>putamus,</strong></span> <span class='ocrx_word' id='word_1_31' title='bbox 1192 560 1320 599; x_wconf 89' lang='lat' dir='ltr'><strong>canones</strong></span> 
     </span>
     <span class='ocr_line' id='line_1_5' title="bbox 195 627 1319 706; baseline -0.002 -17"><span class='ocrx_word' id='word_1_32' title='bbox 195 629 375 689; x_wconf 89' lang='lat' dir='ltr'><strong>Hibernicos</strong></span> <span class='ocrx_word' id='word_1_33' title='bbox 398 631 568 690; x_wconf 89' lang='lat' dir='ltr'><strong>testimonio</strong></span> <span class='ocrx_word' id='word_1_34' title='bbox 593 650 654 689; x_wconf 87' lang='lat' dir='ltr'><strong>esse</strong></span> <span class='ocrx_word' id='word_1_35' title='bbox 677 649 772 706; x_wconf 90' lang='lat' dir='ltr'><strong>posse.</strong></span> <span class='ocrx_word' id='word_1_36' title='bbox 809 628 919 688; x_wconf 81' lang='lat' dir='ltr'><strong>Exstat</strong></span> <span class='ocrx_word' id='word_1_37' title='bbox 942 628 1067 686; x_wconf 87' lang='lat' dir='ltr'><strong>enimin</strong></span> <span class='ocrx_word' id='word_1_38' title='bbox 1082 627 1247 687; x_wconf 88' lang='lat' dir='ltr'><strong>Hibernica</strong></span> <span class='ocrx_word' id='word_1_39' title='bbox 1266 629 1319 687; x_wconf 92' lang='lat' dir='ltr'><strong>illa</strong></span> 
     </span>
     <span class='ocr_line' id='line_1_6' title="bbox 196 717 1319 797; baseline 0 -20"><span class='ocrx_word' id='word_1_40' title='bbox 196 720 245 793; x_wconf 84' lang='lat' dir='ltr'><strong>(cf.</strong></span> <span class='ocrx_word' id='word_1_41' title='bbox 263 738 354 795; x_wconf 86' lang='lat' dir='ltr'><strong>supra</strong></span> <span class='ocrx_word' id='word_1_42' title='bbox 369 740 399 797; x_wconf 92' lang='lat' dir='ltr'><strong>p.</strong></span> <span class='ocrx_word' id='word_1_43' title='bbox 413 721 468 796; x_wconf 83' lang='lat'><strong>39)</strong></span> <span class='ocrx_word' id='word_1_44' title='bbox 485 739 629 778; x_wconf 90' lang='lat' dir='ltr'><strong>canonum</strong></span> <span class='ocrx_word' id='word_1_45' title='bbox 646 718 826 790; x_wconf 80' lang='lat' dir='ltr'><strong>collectione,</strong></span> <span class='ocrx_word' id='word_1_46' title='bbox 842 737 919 794; x_wconf 89' lang='lat' dir='ltr'><strong>quae</strong></span> <span class='ocrx_word' id='word_1_47' title='bbox 934 717 966 775; x_wconf 92' lang='lat' dir='ltr'><strong>in</strong></span> <span class='ocrx_word' id='word_1_48' title='bbox 981 717 1045 794; x_wconf 90' lang='lat' dir='ltr'><strong>ipsa</strong></span> <span class='ocrx_word' id='word_1_49' title='bbox 1057 717 1319 792; x_wconf 83' lang='lat' dir='ltr'><strong>Nordanhymbria</strong></span> 
     </span>
     <span class='ocr_line' id='line_1_7' title="bbox 194 805 1319 885; baseline -0.003 -18"><span class='ocrx_word' id='word_1_50' title='bbox 194 807 307 885; x_wconf 88' lang='lat' dir='ltr'><strong>scripta</strong></span> <span class='ocrx_word' id='word_1_51' title='bbox 330 827 393 867; x_wconf 88' lang='lat' dir='ltr'><strong>esse</strong></span> <span class='ocrx_word' id='word_1_52' title='bbox 416 808 489 866; x_wconf 91' lang='lat' dir='ltr'><strong>mihi</strong></span> <span class='ocrx_word' id='word_1_53' title='bbox 511 807 658 880; x_wconf 78' lang='lat' dir='ltr'><strong>videtur1,</strong></span> <span class='ocrx_word' id='word_1_54' title='bbox 681 806 843 884; x_wconf 92' lang='lat' dir='ltr'><strong>capitulum</strong></span> <span class='ocrx_word' id='word_1_55' title='bbox 866 806 929 881; x_wconf 91' lang='lat' dir='ltr'><strong>(lib.</strong></span> <span class='ocrx_word' id='word_1_56' title='bbox 945 806 971 878; x_wconf 93' lang='lat' dir='ltr'><strong>I,</strong></span> <span class='ocrx_word' id='word_1_57' title='bbox 995 805 1024 878; x_wconf 85' lang='lat'><strong>5,</strong></span> <span class='ocrx_word' id='word_1_58' title='bbox 1047 806 1319 879; x_wconf 88' lang='lat' dir='ltr'><strong>Wasserschleben,</strong></span> 
     </span>
     <span class='ocr_line' id='line_1_8' title="bbox 195 892 1319 977; baseline 0 -25"><span class='ocrx_word' id='word_1_59' title='bbox 195 895 237 954; x_wconf 90' lang='lat' dir='ltr'><strong>Ir.</strong></span> <span class='ocrx_word' id='word_1_60' title='bbox 261 895 334 955; x_wconf 80' lang='lat' dir='ltr'><strong>San.</strong></span> <span class='ocrx_word' id='word_1_61' title='bbox 357 918 387 973; x_wconf 89' lang='lat' dir='ltr'><strong>p.</strong></span> <span class='ocrx_word' id='word_1_62' title='bbox 412 896 443 973; x_wconf 91' lang='lat'><strong>5)</strong></span> <span class='ocrx_word' id='word_1_63' title='bbox 478 895 534 970; x_wconf 78' lang='lat' dir='ltr'><strong>„de</strong></span> <span class='ocrx_word' id='word_1_64' title='bbox 556 915 603 967; x_wconf 85' lang='lat' dir='ltr'><strong>eo,</strong></span> <span class='ocrx_word' id='word_1_65' title='bbox 634 894 714 977; x_wconf 81' lang='lat' dir='ltr'><strong>qnod</strong></span> <span class='ocrx_word' id='word_1_66' title='bbox 739 914 797 954; x_wconf 80' lang='lat' dir='ltr'><strong>eoa</strong></span> <span class='ocrx_word' id='word_1_67' title='bbox 820 915 894 954; x_wconf 80' lang='lat' dir='ltr'><strong>uuus</strong></span> <span class='ocrx_word' id='word_1_68' title='bbox 916 915 1008 953; x_wconf 82' lang='lat' dir='ltr'><strong>uuum</strong></span> <span class='ocrx_word' id='word_1_69' title='bbox 1031 892 1174 954; x_wconf 82' lang='lat' dir='ltr'><strong>ordiuet“.</strong></span> <span class='ocrx_word' id='word_1_70' title='bbox 1220 893 1319 971; x_wconf 80' lang='lat' dir='ltr'><strong>Atqui</strong></span> 
     </span>
     <span class='ocr_line' id='line_1_9' title="bbox 195 983 1319 1062; baseline -0.002 -18"><span class='ocrx_word' id='word_1_71' title='bbox 195 1005 232 1044; x_wconf 83' lang='lat' dir='ltr'><strong>ex</strong></span> <span class='ocrx_word' id='word_1_72' title='bbox 255 984 405 1045; x_wconf 82' lang='lat' dir='ltr'><strong>veteribus</strong></span> <span class='ocrx_word' id='word_1_73' title='bbox 428 985 622 1061; x_wconf 67' lang='lat' dir='ltr'><strong>scriptoribus</strong></span> <span class='ocrx_word' id='word_1_74' title='bbox 644 984 806 1062; x_wconf 89' lang='lat' dir='ltr'><strong>repetitum</strong></span> <span class='ocrx_word' id='word_1_75' title='bbox 830 989 876 1042; x_wconf 88' lang='lat' dir='ltr'><strong>est</strong></span> <span class='ocrx_word' id='word_1_76' title='bbox 895 984 943 1059; x_wconf 88' lang='lat' dir='ltr'><strong>(ef.</strong></span> <span class='ocrx_word' id='word_1_77' title='bbox 959 983 1220 1042; x_wconf 89' lang='lat' dir='ltr'><strong>Wassersohleben</strong></span> <span class='ocrx_word' id='word_1_78' title='bbox 1235 985 1255 1042; x_wconf 92' lang='lat' dir='ltr'><strong>l.</strong></span> <span class='ocrx_word' id='word_1_79' title='bbox 1272 986 1319 1061; x_wconf 82' lang='lat' dir='ltr'><strong>c),</strong></span> 
     </span>
     <span class='ocr_line' id='line_1_10' title="bbox 195 1071 1319 1151; baseline -0.002 -20"><span class='ocrx_word' id='word_1_80' title='bbox 195 1074 298 1149; x_wconf 91' lang='lat' dir='ltr'><strong>itaque</strong></span> <span class='ocrx_word' id='word_1_81' title='bbox 328 1095 365 1132; x_wconf 88' lang='lat' dir='ltr'><strong>ex</strong></span> <span class='ocrx_word' id='word_1_82' title='bbox 386 1076 442 1132; x_wconf 88' lang='lat' dir='ltr'><strong>hac</strong></span> <span class='ocrx_word' id='word_1_83' title='bbox 465 1074 530 1151; x_wconf 91' lang='lat' dir='ltr'><strong>ipsa</strong></span> <span class='ocrx_word' id='word_1_84' title='bbox 552 1075 618 1150; x_wconf 87' lang='lat' dir='ltr'><strong>lege</strong></span> <span class='ocrx_word' id='word_1_85' title='bbox 642 1073 719 1132; x_wconf 89' lang='lat' dir='ltr'><strong>effici</strong></span> <span class='ocrx_word' id='word_1_86' title='bbox 746 1093 806 1131; x_wconf 91' lang='lat' dir='ltr'><strong>non</strong></span> <span class='ocrx_word' id='word_1_87' title='bbox 829 1078 941 1150; x_wconf 88' lang='lat' dir='ltr'><strong>potest,</strong></span> <span class='ocrx_word' id='word_1_88' title='bbox 971 1077 1043 1131; x_wconf 90' lang='lat' dir='ltr'><strong>tunc</strong></span> <span class='ocrx_word' id='word_1_89' title='bbox 1065 1071 1220 1150; x_wconf 87' lang='lat' dir='ltr'><strong>temporis,</strong></span> <span class='ocrx_word' id='word_1_90' title='bbox 1249 1092 1319 1139; x_wconf 82' lang='lat' dir='ltr'><strong>cum</strong></span> 
     </span>
     <span class='ocr_line' id='line_1_11' title="bbox 194 1161 1319 1239; baseline -0.002 -19"><span class='ocrx_word' id='word_1_91' title='bbox 194 1163 364 1239; x_wconf 90' lang='lat' dir='ltr'><strong>conscripta</strong></span> <span class='ocrx_word' id='word_1_92' title='bbox 392 1170 438 1221; x_wconf 88' lang='lat' dir='ltr'><strong>est</strong></span> <span class='ocrx_word' id='word_1_93' title='bbox 460 1163 507 1220; x_wconf 86' lang='lat' dir='ltr'><strong>vel</strong></span> <span class='ocrx_word' id='word_1_94' title='bbox 531 1163 630 1239; x_wconf 86' lang='lat' dir='ltr'><strong>potius</strong></span> <span class='ocrx_word' id='word_1_95' title='bbox 654 1162 817 1239; x_wconf 87' lang='lat' dir='ltr'><strong>descripta,</strong></span> <span class='ocrx_word' id='word_1_96' title='bbox 848 1162 931 1219; x_wconf 92' lang='lat' dir='ltr'><strong>illum</strong></span> <span class='ocrx_word' id='word_1_97' title='bbox 953 1161 1051 1238; x_wconf 88' lang='lat' dir='ltr'><strong>ipsum</strong></span> <span class='ocrx_word' id='word_1_98' title='bbox 1074 1181 1197 1234; x_wconf 89' lang='lat' dir='ltr'><strong>morem,</strong></span> <span class='ocrx_word' id='word_1_99' title='bbox 1229 1181 1319 1237; x_wconf 89' lang='lat' dir='ltr'><strong>quem</strong></span> 
     </span>
     <span class='ocr_line' id='line_1_12' title="bbox 194 1248 1318 1329; baseline -0.001 -20"><span class='ocrx_word' id='word_1_100' title='bbox 194 1251 352 1329; x_wconf 87' lang='lat' dir='ltr'><strong>prohibere</strong></span> <span class='ocrx_word' id='word_1_101' title='bbox 375 1252 476 1310; x_wconf 83' lang='lat' dir='ltr'><strong>studet</strong></span> <span class='ocrx_word' id='word_1_102' title='bbox 497 1251 529 1308; x_wconf 92' lang='lat' dir='ltr'><strong>in</strong></span> <span class='ocrx_word' id='word_1_103' title='bbox 551 1271 606 1310; x_wconf 91' lang='lat' dir='ltr'><strong>usu</strong></span> <span class='ocrx_word' id='word_1_104' title='bbox 629 1252 719 1310; x_wconf 90' lang='lat' dir='ltr'><strong>fuisse</strong></span> <span class='ocrx_word' id='word_1_105' title='bbox 742 1251 822 1328; x_wconf 88' lang='lat' dir='ltr'><strong>apud</strong></span> <span class='ocrx_word' id='word_1_106' title='bbox 843 1248 957 1309; x_wconf 89' lang='lat' dir='ltr'><strong>Scotos.</strong></span> <span class='ocrx_word' id='word_1_107' title='bbox 995 1250 1127 1310; x_wconf 86' lang='lat' dir='ltr'><strong>Obstant</strong></span> <span class='ocrx_word' id='word_1_108' title='bbox 1149 1250 1227 1309; x_wconf 90' lang='lat' dir='ltr'><strong>enim</strong></span> <span class='ocrx_word' id='word_1_109' title='bbox 1250 1270 1318 1326; x_wconf 87' lang='lat' dir='ltr'><strong>gra-</strong></span> 
     </span>
     <span class='ocr_line' id='line_1_13' title="bbox 194 1329 1318 1415; baseline -0.003 -17"><span class='ocrx_word' id='word_1_110' title='bbox 194 1340 315 1399; x_wconf 84' lang='lat' dir='ltr'><strong>vissima</strong></span> <span class='ocrx_word' id='word_1_111' title='bbox 345 1329 529 1415; x_wconf 84' lang='lat' dir='ltr'><strong>argumenta.</strong></span> <span class='ocrx_word' id='word_1_112' title='bbox 575 1339 733 1412; x_wconf 89' lang='lat' dir='ltr'><strong>Omittam,</strong></span> <span class='ocrx_word' id='word_1_113' title='bbox 763 1339 824 1415; x_wconf 88' lang='lat' dir='ltr'><strong>qud</strong></span> <span class='ocrx_word' id='word_1_114' title='bbox 853 1338 938 1398; x_wconf 85' lang='lat' dir='ltr'><strong>Beda</strong></span> <span class='ocrx_word' id='word_1_115' title='bbox 967 1346 1071 1398; x_wconf 89' lang='lat' dir='ltr'><strong>narrat</strong></span> <span class='ocrx_word' id='word_1_116' title='bbox 1099 1338 1140 1415; x_wconf 93' lang='grc'><strong>(11.</strong></span> <span class='ocrx_word' id='word_1_117' title='bbox 1164 1359 1189 1398; x_wconf 86' lang='lat' dir='ltr'><strong>e.</strong></span> <span class='ocrx_word' id='word_1_118' title='bbox 1213 1340 1241 1412; x_wconf 84' lang='lat'><strong>3,</strong></span> <span class='ocrx_word' id='word_1_119' title='bbox 1265 1340 1318 1409; x_wconf 93' lang='lat'><strong>22,</strong></span> 
     </span>
     <span class='ocr_line' id='line_1_14' title="bbox 194 1426 1317 1505; baseline 0.003 -20"><span class='ocrx_word' id='word_1_120' title='bbox 194 1430 212 1505; x_wconf 63' lang='grc' dir='ltr'>ξ</span> <span class='ocrx_word' id='word_1_121' title='bbox 237 1429 323 1504; x_wconf 90' lang='grc'>214).</span> <span class='ocrx_word' id='word_1_122' title='bbox 368 1428 518 1487; x_wconf 79' lang='lat' dir='ltr'><strong>Finanum</strong></span> <span class='ocrx_word' id='word_1_123' title='bbox 540 1429 815 1487; x_wconf 82' lang='lat' dir='ltr'><strong>Lindislarnensem</strong></span> <span class='ocrx_word' id='word_1_124' title='bbox 844 1448 1028 1487; x_wconf 83' lang='lat' dir='ltr'><strong>consecrasse</strong></span> <span class='ocrx_word' id='word_1_125' title='bbox 1052 1427 1187 1487; x_wconf 80' lang='lat' dir='ltr'><strong>(laddum</strong></span> <span class='ocrx_word' id='word_1_126' title='bbox 1209 1426 1317 1488; x_wconf 58' lang='lat' dir='ltr'><strong>nocuis</strong></span> 
     </span>
     <span class='ocr_line' id='line_1_15' title="bbox 192 1513 1318 1598; baseline 0.001 -24"><span class='ocrx_word' id='word_1_127' title='bbox 192 1516 236 1576; x_wconf 84' lang='lat' dir='ltr'><strong>ad</strong></span> <span class='ocrx_word' id='word_1_128' title='bbox 263 1535 292 1576; x_wconf 81' lang='lat' dir='ltr'><strong>ec</strong></span> <span class='ocrx_word' id='word_1_129' title='bbox 315 1514 346 1574; x_wconf 82' lang='lat' dir='ltr'><strong>ia</strong></span> <span class='ocrx_word' id='word_1_130' title='bbox 368 1515 557 1577; x_wconf 74' lang='lat' dir='ltr'><strong>ministerium</strong></span> <span class='ocrx_word' id='word_1_131' title='bbox 581 1515 773 1587; x_wconf 68' lang='lat' dir='ltr'><strong>ordinatiomir</strong></span> <span class='ocrx_word' id='word_1_132' title='bbox 795 1513 860 1575; x_wconf 77' lang='lat' dir='ltr'><strong>alir&#39;a</strong></span> <span class='ocrx_word' id='word_1_133' title='bbox 883 1514 996 1576; x_wconf 79' lang='lat' dir='ltr'><strong>duobos</strong></span> <span class='ocrx_word' id='word_1_134' title='bbox 1018 1515 1159 1598; x_wconf 61' lang='lat' dir='ltr'><strong>cpiucmis</strong></span> <span class='ocrx_word' id='word_1_135' title='bbox 1184 1551 1223 1561; x_wconf 97' lang='lat'>-</span> <span class='ocrx_word' id='word_1_136' title='bbox 1249 1538 1318 1575; x_wconf 89' lang='lat' dir='ltr'><strong>nam</strong></span> 
     </span>
     <span class='ocr_line' id='line_1_16' title="bbox 195 1605 1317 1683; baseline 0 -20"><span class='ocrx_word' id='word_1_137' title='bbox 195 1605 280 1663; x_wconf 90' lang='lat' dir='ltr'><strong>Beda</strong></span> <span class='ocrx_word' id='word_1_138' title='bbox 295 1605 370 1662; x_wconf 93' lang='lat' dir='ltr'><strong>illud</strong></span> <span class='ocrx_word' id='word_1_139' title='bbox 385 1606 511 1664; x_wconf 88' lang='lat' dir='ltr'><strong>forsitan</strong></span> <span class='ocrx_word' id='word_1_140' title='bbox 527 1607 655 1678; x_wconf 89' lang='lat' dir='ltr'><strong>finxerit,</strong></span> <span class='ocrx_word' id='word_1_141' title='bbox 680 1606 731 1664; x_wconf 88' lang='lat' dir='ltr'><strong>sed</strong></span> <span class='ocrx_word' id='word_1_142' title='bbox 747 1606 919 1682; x_wconf 56' lang='lat' dir='ltr'><strong>provocabov</strong></span> <span class='ocrx_word' id='word_1_143' title='bbox 931 1606 968 1663; x_wconf 91' lang='lat' dir='ltr'><strong>ad</strong></span> <span class='ocrx_word' id='word_1_144' title='bbox 986 1605 1169 1683; x_wconf 84' lang='lat' dir='ltr'><strong>Stephanum</strong></span> <span class='ocrx_word' id='word_1_145' title='bbox 1185 1605 1317 1670; x_wconf 83' lang='lat' dir='ltr'><strong>Eddium</strong></span> 
     </span>
     <span class='ocr_line' id='line_1_17' title="bbox 194 1693 1318 1772; baseline -0.001 -19"><span class='ocrx_word' id='word_1_146' title='bbox 194 1694 247 1753; x_wconf 90' lang='lat' dir='ltr'><strong>vit.</strong></span> <span class='ocrx_word' id='word_1_147' title='bbox 271 1693 369 1752; x_wconf 84' lang='lat' dir='ltr'><strong>Wilfr.</strong></span> <span class='ocrx_word' id='word_1_148' title='bbox 393 1693 521 1767; x_wconf 87' lang='lat' dir='ltr'>XXIII,</span> <span class='ocrx_word' id='word_1_149' title='bbox 544 1696 622 1753; x_wconf 85' lang='lat' dir='ltr'><strong>Mab.</strong></span> <span class='ocrx_word' id='word_1_150' title='bbox 645 1695 701 1766; x_wconf 90' lang='lat' dir='ltr'><strong>IV,</strong></span> <span class='ocrx_word' id='word_1_151' title='bbox 728 1697 743 1751; x_wconf 94' lang='grc'><strong>1</strong></span> <span class='ocrx_word' id='word_1_152' title='bbox 770 1715 837 1772; x_wconf 91' lang='lat' dir='ltr'><strong>app.</strong></span> <span class='ocrx_word' id='word_1_153' title='bbox 861 1715 890 1771; x_wconf 86' lang='lat' dir='ltr'><strong>p.</strong></span> <span class='ocrx_word' id='word_1_154' title='bbox 916 1695 988 1752; x_wconf 84' lang='lat'><strong>689.</strong></span> <span class='ocrx_word' id='word_1_155' title='bbox 1035 1695 1125 1753; x_wconf 83' lang='lat' dir='ltr'><strong>Teste</strong></span> <span class='ocrx_word' id='word_1_156' title='bbox 1155 1695 1234 1753; x_wconf 88' lang='lat' dir='ltr'><strong>enim</strong></span> <span class='ocrx_word' id='word_1_157' title='bbox 1261 1693 1318 1753; x_wconf 90' lang='lat' dir='ltr'><strong>hoc</strong></span> 
     </span>
     <span class='ocr_line' id='line_1_18' title="bbox 194 1780 1317 1862; baseline 0.001 -21"><span class='ocrx_word' id='word_1_158' title='bbox 194 1784 258 1841; x_wconf 87' lang='lat' dir='ltr'><strong>loco</strong></span> <span class='ocrx_word' id='word_1_159' title='bbox 276 1781 451 1842; x_wconf 80' lang='lat' dir='ltr'><strong>Theodorus</strong></span> <span class='ocrx_word' id='word_1_160' title='bbox 474 1784 711 1862; x_wconf 80' lang='lat' dir='ltr'><strong>archiepiscopus</strong></span> <span class='ocrx_word' id='word_1_161' title='bbox 735 1803 813 1842; x_wconf 93' lang='lat' dir='ltr'><strong>anno</strong></span> <span class='ocrx_word' id='word_1_162' title='bbox 838 1780 900 1842; x_wconf 84' lang='lat'><strong>678</strong></span> <span class='ocrx_word' id='word_1_163' title='bbox 924 1788 985 1842; x_wconf 86' lang='lat' dir='ltr'><strong>tres</strong></span> <span class='ocrx_word' id='word_1_164' title='bbox 1008 1783 1160 1862; x_wconf 85' lang='lat' dir='ltr'><strong>episcopos</strong></span> <span class='ocrx_word' id='word_1_165' title='bbox 1188 1781 1317 1856; x_wconf 60' lang='lat' dir='ltr'><strong>‚chordi-</strong></span> 
     </span>
     <span class='ocr_line' id='line_1_19' title="bbox 193 1868 1318 1944; baseline 0 -14"><span class='ocrx_word' id='word_1_166' title='bbox 193 1880 259 1932; x_wconf 81' lang='lat' dir='ltr'><strong>oote</strong></span> <span class='ocrx_word' id='word_1_167' title='bbox 289 1868 384 1930; x_wconf 79' lang='lat' dir='ltr'><strong>solus“</strong></span> <span class='ocrx_word' id='word_1_168' title='bbox 419 1873 614 1931; x_wconf 89' lang='lat' dir='ltr'><strong>consecravit.</strong></span> <span class='ocrx_word' id='word_1_169' title='bbox 659 1873 754 1944; x_wconf 87' lang='lat' dir='ltr'><strong>Num,</strong></span> <span class='ocrx_word' id='word_1_170' title='bbox 786 1871 812 1930; x_wconf 88' lang='lat' dir='ltr'><strong>si</strong></span> <span class='ocrx_word' id='word_1_171' title='bbox 843 1870 998 1930; x_wconf 86' lang='lat' dir='ltr'><strong>Scotorum</strong></span> <span class='ocrx_word' id='word_1_172' title='bbox 1030 1893 1112 1930; x_wconf 85' lang='lat' dir='ltr'><strong>more</strong></span> <span class='ocrx_word' id='word_1_173' title='bbox 1142 1870 1318 1931; x_wconf 80' lang='lat' dir='ltr'><strong>Theodorus</strong></span> 
     </span>
     <span class='ocr_line' id='line_1_20' title="bbox 193 1952 1318 2038; baseline 0.002 -20"><span class='ocrx_word' id='word_1_174' title='bbox 193 1980 263 2019; x_wconf 91' lang='lat' dir='ltr'><strong>usus</strong></span> <span class='ocrx_word' id='word_1_175' title='bbox 296 1967 385 2034; x_wconf 89' lang='lat' dir='ltr'><strong>esset,</strong></span> <span class='ocrx_word' id='word_1_176' title='bbox 419 1960 588 2038; x_wconf 84' lang='lat' dir='ltr'><strong>Stephanus</strong></span> <span class='ocrx_word' id='word_1_177' title='bbox 611 1961 737 2034; x_wconf 82' lang='lat' dir='ltr'><strong>Eddius,</strong></span> <span class='ocrx_word' id='word_1_178' title='bbox 765 1960 901 2019; x_wconf 90' lang='lat' dir='ltr'><strong>Wilfridi</strong></span> <span class='ocrx_word' id='word_1_179' title='bbox 923 1952 1129 2033; x_wconf 87' lang='lat' dir='ltr'><strong>amicissimus,</strong></span> <span class='ocrx_word' id='word_1_180' title='bbox 1162 1960 1318 2033; x_wconf 91' lang='lat' dir='ltr'><strong>omisisset,</strong></span> 
     </span>
     <span class='ocr_line' id='line_1_21' title="bbox 193 2049 1319 2127; baseline 0 -20"><span class='ocrx_word' id='word_1_181' title='bbox 193 2049 267 2107; x_wconf 90' lang='lat' dir='ltr'><strong>illud</strong></span> <span class='ocrx_word' id='word_1_182' title='bbox 283 2049 380 2127; x_wconf 87' lang='lat' dir='ltr'><strong>ipsum</strong></span> <span class='ocrx_word' id='word_1_183' title='bbox 397 2049 552 2109; x_wconf 79' lang='lat' dir='ltr'><strong>Theodoro</strong></span> <span class='ocrx_word' id='word_1_184' title='bbox 568 2051 642 2110; x_wconf 87' lang='lat' dir='ltr'><strong>vitio</strong></span> <span class='ocrx_word' id='word_1_185' title='bbox 659 2049 798 2109; x_wconf 75' lang='lat' dir='ltr'><strong>vertere?</strong></span> <span class='ocrx_word' id='word_1_186' title='bbox 837 2049 919 2126; x_wconf 83' lang='lat' dir='ltr'><strong>Ergo</strong></span> <span class='ocrx_word' id='word_1_187' title='bbox 935 2050 1103 2125; x_wconf 89' lang='lat' dir='ltr'><strong>negandum</strong></span> <span class='ocrx_word' id='word_1_188' title='bbox 1119 2069 1181 2109; x_wconf 86' lang='lat' dir='ltr'><strong>esse</strong></span> <span class='ocrx_word' id='word_1_189' title='bbox 1196 2049 1319 2114; x_wconf 87' lang='lat' dir='ltr'><strong>videtur</strong></span> 
     </span>
     <span class='ocr_line' id='line_1_22' title="bbox 190 2138 1318 2216; baseline 0 -20"><span class='ocrx_word' id='word_1_190' title='bbox 190 2139 254 2212; x_wconf 83' lang='lat' dir='ltr'><strong>jam</strong></span> <span class='ocrx_word' id='word_1_191' title='bbox 283 2144 354 2196; x_wconf 92' lang='lat' dir='ltr'><strong>tunc</strong></span> <span class='ocrx_word' id='word_1_192' title='bbox 385 2138 463 2197; x_wconf 91' lang='lat' dir='ltr'><strong>sicut</strong></span> <span class='ocrx_word' id='word_1_193' title='bbox 493 2146 597 2216; x_wconf 89' lang='lat' dir='ltr'><strong>postea</strong></span> <span class='ocrx_word' id='word_1_194' title='bbox 625 2138 735 2198; x_wconf 90' lang='lat' dir='ltr'><strong>saeculi</strong></span> <span class='ocrx_word' id='word_1_195' title='bbox 757 2138 924 2196; x_wconf 90' lang='lat' dir='ltr'><strong>duodecimi</strong></span> <span class='ocrx_word' id='word_1_196' title='bbox 946 2138 1131 2215; x_wconf 90' lang='lat' dir='ltr'><strong>temporibus</strong></span> <span class='ocrx_word' id='word_1_197' title='bbox 1154 2139 1203 2214; x_wconf 89' lang='lat' dir='ltr'><strong>(cf.</strong></span> <span class='ocrx_word' id='word_1_198' title='bbox 1226 2157 1318 2215; x_wconf 88' lang='lat' dir='ltr'><strong>supra</strong></span> 
     </span>
    </p>
   </div>
   <div class='ocr_carea' id='block_1_3' title="bbox 193 2225 1424 2304">
    <p class='ocr_par' dir='ltr' id='par_1_3' title="bbox 193 2225 1424 2304">
     <span class='ocr_line' id='line_1_23' title="bbox 193 2225 1424 2304; baseline 0.002 -22"><span class='ocrx_word' id='word_1_199' title='bbox 193 2248 223 2304; x_wconf 88' lang='lat' dir='ltr'><strong>p.</strong></span> <span class='ocrx_word' id='word_1_200' title='bbox 240 2227 295 2301; x_wconf 83' lang='lat'><strong>26)</strong></span> <span class='ocrx_word' id='word_1_201' title='bbox 319 2227 409 2284; x_wconf 91' lang='lat' dir='ltr'><strong>moris</strong></span> <span class='ocrx_word' id='word_1_202' title='bbox 432 2225 522 2286; x_wconf 85' lang='lat' dir='ltr'><strong>fuisse</strong></span> <span class='ocrx_word' id='word_1_203' title='bbox 538 2226 695 2286; x_wconf 83' lang='lat' dir='ltr'><strong>Scotorum</strong></span> <span class='ocrx_word' id='word_1_204' title='bbox 718 2232 752 2285; x_wconf 91' lang='lat' dir='ltr'><strong>ut</strong></span> <span class='ocrx_word' id='word_1_205' title='bbox 775 2226 907 2304; x_wconf 83' lang='lat' dir='ltr'><strong>episcopi</strong></span> <span class='ocrx_word' id='word_1_206' title='bbox 930 2227 967 2286; x_wconf 92' lang='lat' dir='ltr'><strong>ab</strong></span> <span class='ocrx_word' id='word_1_207' title='bbox 991 2247 1050 2285; x_wconf 93' lang='lat' dir='ltr'><strong>uno</strong></span> <span class='ocrx_word' id='word_1_208' title='bbox 1067 2232 1318 2286; x_wconf 85' lang='lat' dir='ltr'><strong>consecrarentur.</strong></span> <span class='ocrx_word' id='word_1_209' title='bbox 1422 2297 1424 2301; x_wconf 23' lang='grc' dir='ltr'>Ι</span> 
     </span>
    </p>
   </div>
   <div class='ocr_carea' id='block_1_4' title="bbox 124 2313 1320 3988">
    <p class='ocr_par' dir='ltr' id='par_1_4' title="bbox 124 2313 1320 3988">
     <span class='ocr_line' id='line_1_24' title="bbox 194 2313 1318 2392; baseline 0.002 -20"><span class='ocrx_word' id='word_1_210' title='bbox 194 2313 247 2372; x_wconf 89' lang='lat' dir='ltr'><strong>Sin</strong></span> <span class='ocrx_word' id='word_1_211' title='bbox 279 2314 377 2386; x_wconf 90' lang='lat' dir='ltr'><strong>aliter,</strong></span> <span class='ocrx_word' id='word_1_212' title='bbox 410 2314 465 2372; x_wconf 90' lang='lat' dir='ltr'><strong>hoc</strong></span> <span class='ocrx_word' id='word_1_213' title='bbox 488 2314 643 2374; x_wconf 89' lang='lat' dir='ltr'><strong>Scotorum</strong></span> <span class='ocrx_word' id='word_1_214' title='bbox 667 2315 820 2392; x_wconf 89' lang='lat' dir='ltr'><strong>proprium</strong></span> <span class='ocrx_word' id='word_1_215' title='bbox 843 2334 903 2373; x_wconf 91' lang='lat' dir='ltr'><strong>non</strong></span> <span class='ocrx_word' id='word_1_216' title='bbox 926 2320 1011 2374; x_wconf 88' lang='lat' dir='ltr'><strong>esset.</strong></span> <span class='ocrx_word' id='word_1_217' title='bbox 1056 2316 1134 2376; x_wconf 88' lang='lat' dir='ltr'><strong>Nam</strong></span> <span class='ocrx_word' id='word_1_218' title='bbox 1158 2335 1217 2373; x_wconf 89' lang='lat' dir='ltr'><strong>non</strong></span> <span class='ocrx_word' id='word_1_219' title='bbox 1240 2334 1318 2374; x_wconf 90' lang='lat' dir='ltr'><strong>unus</strong></span> 
     </span>
     <span class='ocr_line' id='line_1_25' title="bbox 193 2403 1317 2482; baseline 0.001 -21"><span class='ocrx_word' id='word_1_220' title='bbox 193 2403 367 2462; x_wconf 76' lang='lat' dir='ltr'><strong>Theodorus</strong></span> <span class='ocrx_word' id='word_1_221' title='bbox 399 2410 503 2463; x_wconf 88' lang='lat' dir='ltr'><strong>contra</strong></span> <span class='ocrx_word' id='word_1_222' title='bbox 533 2424 658 2463; x_wconf 89' lang='lat' dir='ltr'><strong>canones</strong></span> <span class='ocrx_word' id='word_1_223' title='bbox 688 2405 767 2462; x_wconf 90' lang='lat' dir='ltr'><strong>solus</strong></span> <span class='ocrx_word' id='word_1_224' title='bbox 795 2408 855 2462; x_wconf 77' lang='lat' dir='ltr'><strong>tres</strong></span> <span class='ocrx_word' id='word_1_225' title='bbox 883 2404 950 2463; x_wconf 90' lang='lat' dir='ltr'><strong>illos</strong></span> <span class='ocrx_word' id='word_1_226' title='bbox 979 2404 1133 2482; x_wconf 90' lang='lat' dir='ltr'><strong>episcopos</strong></span> <span class='ocrx_word' id='word_1_227' title='bbox 1156 2403 1317 2477; x_wconf 87' lang='lat' dir='ltr'><strong>ordinavit,</strong></span> 
     </span>
     <span class='ocr_line' id='line_1_26' title="bbox 193 2490 1319 2571; baseline 0 -20"><span class='ocrx_word' id='word_1_228' title='bbox 193 2491 245 2551; x_wconf 86' lang='lat' dir='ltr'><strong>sed</strong></span> <span class='ocrx_word' id='word_1_229' title='bbox 269 2492 332 2569; x_wconf 90' lang='lat' dir='ltr'><strong>ipse</strong></span> <span class='ocrx_word' id='word_1_230' title='bbox 356 2490 519 2568; x_wconf 80' lang='lat' dir='ltr'><strong>Gregorius</strong></span> <span class='ocrx_word' id='word_1_231' title='bbox 542 2513 622 2570; x_wconf 89' lang='lat' dir='ltr'><strong>papa</strong></span> <span class='ocrx_word' id='word_1_232' title='bbox 644 2492 816 2570; x_wconf 81' lang='lat' dir='ltr'><strong>Augustino</strong></span> <span class='ocrx_word' id='word_1_233' title='bbox 832 2491 929 2567; x_wconf 90' lang='lat' dir='ltr'><strong>(Beda</strong></span> <span class='ocrx_word' id='word_1_234' title='bbox 951 2494 979 2551; x_wconf 90' lang='lat' dir='ltr'><strong>h.</strong></span> <span class='ocrx_word' id='word_1_235' title='bbox 996 2514 1020 2551; x_wconf 91' lang='lat' dir='ltr'><strong>e.</strong></span> <span class='ocrx_word' id='word_1_236' title='bbox 1048 2496 1074 2563; x_wconf 89' lang='lat'><strong>1,</strong></span> <span class='ocrx_word' id='word_1_237' title='bbox 1100 2494 1151 2565; x_wconf 88' lang='lat'><strong>27,</strong></span> <span class='ocrx_word' id='word_1_238' title='bbox 1174 2493 1264 2571; x_wconf 62' lang='lat'>564)</span> <span class='ocrx_word' id='word_1_239' title='bbox 1288 2498 1319 2551; x_wconf 91' lang='lat' dir='ltr'><strong>et</strong></span> 
     </span>
     <span class='ocr_line' id='line_1_27' title="bbox 192 2579 1318 2658; baseline 0.003 -21"><span class='ocrx_word' id='word_1_240' title='bbox 192 2579 364 2639; x_wconf 89' lang='lat' dir='ltr'><strong>Bonifatius</strong></span> <span class='ocrx_word' id='word_1_241' title='bbox 380 2601 459 2657; x_wconf 90' lang='lat' dir='ltr'><strong>papa</strong></span> <span class='ocrx_word' id='word_1_242' title='bbox 473 2581 572 2654; x_wconf 82' lang='lat' dir='ltr'><strong>Justo,</strong></span> <span class='ocrx_word' id='word_1_243' title='bbox 589 2581 680 2641; x_wconf 91' lang='lat' dir='ltr'><strong>tertio</strong></span> <span class='ocrx_word' id='word_1_244' title='bbox 695 2580 860 2658; x_wconf 86' lang='lat' dir='ltr'><strong>Augustini</strong></span> <span class='ocrx_word' id='word_1_245' title='bbox 876 2581 1036 2640; x_wconf 89' lang='lat' dir='ltr'><strong>successori</strong></span> <span class='ocrx_word' id='word_1_246' title='bbox 1049 2582 1146 2657; x_wconf 88' lang='lat' dir='ltr'><strong>(Beda</strong></span> <span class='ocrx_word' id='word_1_247' title='bbox 1160 2581 1189 2639; x_wconf 92' lang='lat' dir='ltr'><strong>h.</strong></span> <span class='ocrx_word' id='word_1_248' title='bbox 1202 2601 1227 2639; x_wconf 88' lang='lat' dir='ltr'><strong>c.</strong></span> <span class='ocrx_word' id='word_1_249' title='bbox 1244 2582 1274 2655; x_wconf 90' lang='grc'><strong>2,</strong></span> <span class='ocrx_word' id='word_1_250' title='bbox 1288 2582 1318 2654; x_wconf 87' lang='grc'><strong>8,</strong></span> 
     </span>
     <span class='ocr_line' id='line_1_28' title="bbox 124 2666 1320 2752; baseline 0.003 -27"><span class='ocrx_word' id='word_1_251' title='bbox 124 2749 126 2752; x_wconf 22' lang='grc' dir='ltr'>Ι</span> <span class='ocrx_word' id='word_1_252' title='bbox 193 2670 211 2745; x_wconf 63' lang='grc' dir='ltr'>ξ</span> <span class='ocrx_word' id='word_1_253' title='bbox 230 2666 315 2745; x_wconf 86' lang='grc'><strong>109),</strong></span> <span class='ocrx_word' id='word_1_254' title='bbox 339 2668 547 2742; x_wconf 77' lang='lat' dir='ltr'><strong>concederunt,</strong></span> <span class='ocrx_word' id='word_1_255' title='bbox 570 2676 605 2728; x_wconf 91' lang='lat' dir='ltr'><strong>ut</strong></span> <span class='ocrx_word' id='word_1_256' title='bbox 631 2669 776 2749; x_wconf 69' lang='lat' dir='ltr'><strong>„erigente</strong></span> <span class='ocrx_word' id='word_1_257' title='bbox 799 2668 1031 2750; x_wconf 78' lang='lat' dir='ltr'><strong>opportunitate“</strong></span> <span class='ocrx_word' id='word_1_258' title='bbox 1057 2670 1113 2730; x_wconf 93' lang='lat' dir='ltr'><strong>soli</strong></span> <span class='ocrx_word' id='word_1_259' title='bbox 1136 2670 1320 2729; x_wconf 85' lang='lat' dir='ltr'><strong>ordinarent.</strong></span> 
     </span>
     <span class='ocr_line' id='line_1_29' title="bbox 193 2756 1317 2836; baseline 0.001 -21"><span class='ocrx_word' id='word_1_260' title='bbox 193 2756 339 2816; x_wconf 86' lang='lat' dir='ltr'><strong>Attamen</strong></span> <span class='ocrx_word' id='word_1_261' title='bbox 363 2756 519 2816; x_wconf 87' lang='lat' dir='ltr'><strong>Scotorum</strong></span> <span class='ocrx_word' id='word_1_262' title='bbox 543 2758 696 2836; x_wconf 89' lang='lat' dir='ltr'><strong>episcopos</strong></span> <span class='ocrx_word' id='word_1_263' title='bbox 713 2759 852 2817; x_wconf 90' lang='lat' dir='ltr'><strong>canonice</strong></span> <span class='ocrx_word' id='word_1_264' title='bbox 868 2759 1020 2818; x_wconf 91' lang='lat' dir='ltr'><strong>ordinatos</strong></span> <span class='ocrx_word' id='word_1_265' title='bbox 1035 2779 1095 2817; x_wconf 91' lang='lat' dir='ltr'><strong>non</strong></span> <span class='ocrx_word' id='word_1_266' title='bbox 1111 2779 1175 2818; x_wconf 88' lang='lat' dir='ltr'><strong>csse</strong></span> <span class='ocrx_word' id='word_1_267' title='bbox 1191 2764 1317 2818; x_wconf 86' lang='lat' dir='ltr'><strong>constat.</strong></span> 
     </span>
     <span class='ocr_line' id='line_1_30' title="bbox 192 2845 1320 2924; baseline -0.001 -17"><span class='ocrx_word' id='word_1_268' title='bbox 192 2845 270 2907; x_wconf 85' lang='lat' dir='ltr'><strong>Nam</strong></span> <span class='ocrx_word' id='word_1_269' title='bbox 301 2846 434 2924; x_wconf 90' lang='lat' dir='ltr'><strong>prodidit</strong></span> <span class='ocrx_word' id='word_1_270' title='bbox 456 2847 541 2906; x_wconf 90' lang='lat' dir='ltr'><strong>Beda</strong></span> <span class='ocrx_word' id='word_1_271' title='bbox 571 2867 649 2905; x_wconf 90' lang='lat' dir='ltr'><strong>anno</strong></span> <span class='ocrx_word' id='word_1_272' title='bbox 674 2847 737 2906; x_wconf 85' lang='grc'><strong>665</strong></span> <span class='ocrx_word' id='word_1_273' title='bbox 762 2847 909 2907; x_wconf 89' lang='lat' dir='ltr'><strong>defunctis</strong></span> <span class='ocrx_word' id='word_1_274' title='bbox 928 2847 1095 2908; x_wconf 88' lang='lat' dir='ltr'><strong>Deusdedit</strong></span> <span class='ocrx_word' id='word_1_275' title='bbox 1119 2847 1320 2908; x_wconf 84' lang='lat' dir='ltr'><strong>Oantuarensi</strong></span> 
     </span>
     <span class='ocr_line' id='line_1_31' title="bbox 194 2935 1318 3015; baseline 0 -21"><span class='ocrx_word' id='word_1_276' title='bbox 194 2941 223 2994; x_wconf 89' lang='lat' dir='ltr'><strong>et</strong></span> <span class='ocrx_word' id='word_1_277' title='bbox 245 2935 393 2994; x_wconf 90' lang='lat' dir='ltr'><strong>Damiano</strong></span> <span class='ocrx_word' id='word_1_278' title='bbox 416 2935 549 2996; x_wconf 81' lang='lat' dir='ltr'><strong>Boffensi</strong></span> <span class='ocrx_word' id='word_1_279' title='bbox 573 2937 686 2995; x_wconf 92' lang='lat' dir='ltr'><strong>nullum</strong></span> <span class='ocrx_word' id='word_1_280' title='bbox 709 2937 741 2994; x_wconf 94' lang='lat' dir='ltr'><strong>in</strong></span> <span class='ocrx_word' id='word_1_281' title='bbox 764 2942 829 2995; x_wconf 91' lang='lat' dir='ltr'><strong>tota</strong></span> <span class='ocrx_word' id='word_1_282' title='bbox 848 2936 1009 2996; x_wconf 88' lang='lat' dir='ltr'><strong>Britannia</strong></span> <span class='ocrx_word' id='word_1_283' title='bbox 1032 2937 1122 2996; x_wconf 89' lang='lat' dir='ltr'><strong>fuisse</strong></span> <span class='ocrx_word' id='word_1_284' title='bbox 1146 2937 1318 3015; x_wconf 89' lang='lat' dir='ltr'><strong>episcopum</strong></span> 
     </span>
     <span class='ocr_line' id='line_1_32' title="bbox 194 3024 1318 3103; baseline 0.003 -23"><span class='ocrx_word' id='word_1_285' title='bbox 194 3025 333 3082; x_wconf 89' lang='lat' dir='ltr'><strong>canonice</strong></span> <span class='ocrx_word' id='word_1_286' title='bbox 345 3024 514 3083; x_wconf 90' lang='lat' dir='ltr'><strong>ordinatum</strong></span> <span class='ocrx_word' id='word_1_287' title='bbox 527 3024 754 3101; x_wconf 87' lang='lat' dir='ltr'><strong>exceptoWine,</strong></span> <span class='ocrx_word' id='word_1_288' title='bbox 768 3025 1147 3103; x_wconf 87' lang='lat' dir='ltr'><strong>episcopoOccidentalium</strong></span> <span class='ocrx_word' id='word_1_289' title='bbox 1156 3025 1318 3097; x_wconf 82' lang='lat' dir='ltr'><strong>Saxonum,</strong></span> 
     </span>
     <span class='ocr_line' id='line_1_33' title="bbox 193 3110 1318 3191; baseline 0.004 -24"><span class='ocrx_word' id='word_1_290' title='bbox 193 3111 245 3188; x_wconf 89' lang='lat' dir='ltr'><strong>qui</strong></span> <span class='ocrx_word' id='word_1_291' title='bbox 269 3112 299 3168; x_wconf 90' lang='lat' dir='ltr'><strong>in</strong></span> <span class='ocrx_word' id='word_1_292' title='bbox 321 3110 421 3170; x_wconf 80' lang='lat' dir='ltr'><strong>Gallia</strong></span> <span class='ocrx_word' id='word_1_293' title='bbox 444 3118 509 3171; x_wconf 90' lang='lat' dir='ltr'><strong>erat</strong></span> <span class='ocrx_word' id='word_1_294' title='bbox 532 3118 719 3170; x_wconf 88' lang='lat' dir='ltr'><strong>consecratus</strong></span> <span class='ocrx_word' id='word_1_295' title='bbox 743 3113 783 3187; x_wconf 86' lang='lat' dir='ltr'><strong>(h.</strong></span> <span class='ocrx_word' id='word_1_296' title='bbox 800 3134 824 3171; x_wconf 91' lang='lat' dir='ltr'><strong>e.</strong></span> <span class='ocrx_word' id='word_1_297' title='bbox 850 3113 878 3186; x_wconf 84' lang='lat'><strong>3,</strong></span> <span class='ocrx_word' id='word_1_298' title='bbox 904 3115 954 3187; x_wconf 88' lang='grc'>28,</span> <span class='ocrx_word' id='word_1_299' title='bbox 978 3114 1100 3191; x_wconf 66' lang='lat'><strong>5243).</strong></span> <span class='ocrx_word' id='word_1_300' title='bbox 1139 3115 1205 3187; x_wconf 77' lang='lat' dir='ltr'><strong>Qua</strong></span> <span class='ocrx_word' id='word_1_301' title='bbox 1228 3114 1261 3172; x_wconf 90' lang='lat' dir='ltr'><strong>in</strong></span> <span class='ocrx_word' id='word_1_302' title='bbox 1284 3133 1318 3172; x_wconf 86' lang='lat' dir='ltr'><strong>rc</strong></span> 
     </span>
     <span class='ocr_line' id='line_1_34' title="bbox 194 3199 1318 3280; baseline 0.003 -23"><span class='ocrx_word' id='word_1_303' title='bbox 194 3199 251 3258; x_wconf 89' lang='lat' dir='ltr'><strong>etsi</strong></span> <span class='ocrx_word' id='word_1_304' title='bbox 273 3199 357 3258; x_wconf 88' lang='lat' dir='ltr'><strong>Beda</strong></span> <span class='ocrx_word' id='word_1_305' title='bbox 381 3201 550 3259; x_wconf 88' lang='lat' dir='ltr'><strong>erravit-</strong></span> <span class='ocrx_word' id='word_1_306' title='bbox 567 3200 676 3260; x_wconf 92' lang='lat' dir='ltr'><strong>oblitus</strong></span> <span class='ocrx_word' id='word_1_307' title='bbox 700 3207 744 3260; x_wconf 89' lang='lat' dir='ltr'><strong>est</strong></span> <span class='ocrx_word' id='word_1_308' title='bbox 768 3201 845 3259; x_wconf 90' lang='lat' dir='ltr'><strong>enim</strong></span> <span class='ocrx_word' id='word_1_309' title='bbox 856 3202 1007 3262; x_wconf 84' lang='lat' dir='ltr'><strong>Bonifatii</strong></span> <span class='ocrx_word' id='word_1_310' title='bbox 1021 3203 1216 3262; x_wconf 89' lang='lat' dir='ltr'><strong>Domucensis</strong></span> <span class='ocrx_word' id='word_1_311' title='bbox 1239 3203 1318 3280; x_wconf 88' lang='lat' dir='ltr'><strong>epis·</strong></span> 
     </span>
     <span class='ocr_line' id='line_1_35' title="bbox 194 3288 1319 3369; baseline 0.004 -23"><span class='ocrx_word' id='word_1_312' title='bbox 194 3288 261 3365; x_wconf 91' lang='lat' dir='ltr'><strong>copi</strong></span> <span class='ocrx_word' id='word_1_313' title='bbox 283 3290 323 3366; x_wconf 90' lang='lat' dir='ltr'><strong>(h.</strong></span> <span class='ocrx_word' id='word_1_314' title='bbox 348 3309 373 3346; x_wconf 91' lang='lat' dir='ltr'><strong>e.</strong></span> <span class='ocrx_word' id='word_1_315' title='bbox 398 3291 426 3361; x_wconf 81' lang='lat'><strong>3,</strong></span> <span class='ocrx_word' id='word_1_316' title='bbox 451 3290 502 3362; x_wconf 87' lang='grc'>20,</span> <span class='ocrx_word' id='word_1_317' title='bbox 526 3291 544 3368; x_wconf 62' lang='grc' dir='ltr'>ξ</span> <span class='ocrx_word' id='word_1_318' title='bbox 569 3292 641 3361; x_wconf 87' lang='grc'>209,</span> <span class='ocrx_word' id='word_1_319' title='bbox 666 3291 701 3349; x_wconf 86' lang='lat' dir='ltr'><strong>ef.</strong></span> <span class='ocrx_word' id='word_1_320' title='bbox 717 3290 828 3367; x_wconf 89' lang='lat' dir='ltr'><strong>Bright</strong></span> <span class='ocrx_word' id='word_1_321' title='bbox 850 3313 879 3368; x_wconf 91' lang='lat' dir='ltr'><strong>p.</strong></span> <span class='ocrx_word' id='word_1_322' title='bbox 897 3293 974 3368; x_wconf 91' lang='lat'><strong>212)</strong></span> <span class='ocrx_word' id='word_1_323' title='bbox 994 3325 1043 3364; x_wconf 90' lang='lat'><strong>—-,</strong></span> <span class='ocrx_word' id='word_1_324' title='bbox 1066 3297 1167 3350; x_wconf 87' lang='lat' dir='ltr'><strong>tamen</strong></span> <span class='ocrx_word' id='word_1_325' title='bbox 1190 3297 1319 3369; x_wconf 87' lang='lat' dir='ltr'><strong>apparet</strong></span> 
     </span>
     <span class='ocr_line' id='line_1_36' title="bbox 194 3378 1318 3458; baseline 0.003 -23"><span class='ocrx_word' id='word_1_326' title='bbox 194 3398 260 3436; x_wconf 91' lang='lat' dir='ltr'><strong>eum</strong></span> <span class='ocrx_word' id='word_1_327' title='bbox 282 3399 378 3455; x_wconf 90' lang='lat' dir='ltr'><strong>neque</strong></span> <span class='ocrx_word' id='word_1_328' title='bbox 402 3378 543 3451; x_wconf 82' lang='lat' dir='ltr'><strong>Oeddum,</strong></span> <span class='ocrx_word' id='word_1_329' title='bbox 568 3379 763 3437; x_wconf 86' lang='lat' dir='ltr'><strong>Orientalium</strong></span> <span class='ocrx_word' id='word_1_330' title='bbox 787 3378 939 3439; x_wconf 87' lang='lat' dir='ltr'><strong>Saxonum</strong></span> <span class='ocrx_word' id='word_1_331' title='bbox 963 3380 1141 3458; x_wconf 88' lang='lat' dir='ltr'><strong>episcopum,</strong></span> <span class='ocrx_word' id='word_1_332' title='bbox 1166 3401 1184 3438; x_wconf 92' lang='lat' dir='ltr'><strong>a</strong></span> <span class='ocrx_word' id='word_1_333' title='bbox 1198 3379 1318 3439; x_wconf 87' lang='lat' dir='ltr'><strong>Finano</strong></span> 
     </span>
     <span class='ocr_line' id='line_1_37' title="bbox 194 3468 1317 3546; baseline 0.004 -23"><span class='ocrx_word' id='word_1_334' title='bbox 194 3474 396 3527; x_wconf 87' lang='lat' dir='ltr'><strong>consecratum</strong></span> <span class='ocrx_word' id='word_1_335' title='bbox 419 3488 514 3543; x_wconf 92' lang='lat' dir='ltr'><strong>neque</strong></span> <span class='ocrx_word' id='word_1_336' title='bbox 537 3468 747 3540; x_wconf 85' lang='lat' dir='ltr'><strong>Jarumanum,</strong></span> <span class='ocrx_word' id='word_1_337' title='bbox 778 3468 955 3527; x_wconf 80' lang='lat' dir='ltr'><strong>Marciorum</strong></span> <span class='ocrx_word' id='word_1_338' title='bbox 979 3469 1163 3546; x_wconf 84' lang='lat' dir='ltr'><strong>episcopum,</strong></span> <span class='ocrx_word' id='word_1_339' title='bbox 1194 3469 1317 3528; x_wconf 90' lang='lat' dir='ltr'><strong>natione</strong></span> 
     </span>
     <span class='ocr_line' id='line_1_38' title="bbox 194 3553 1318 3634; baseline 0.004 -22"><span class='ocrx_word' id='word_1_340' title='bbox 194 3553 324 3627; x_wconf 88' lang='lat' dir='ltr'><strong>Scotum,</strong></span> <span class='ocrx_word' id='word_1_341' title='bbox 347 3561 382 3613; x_wconf 92' lang='lat' dir='ltr'><strong>ut</strong></span> <span class='ocrx_word' id='word_1_342' title='bbox 405 3557 524 3615; x_wconf 88' lang='lat' dir='ltr'><strong>videtur</strong></span> <span class='ocrx_word' id='word_1_343' title='bbox 547 3557 587 3631; x_wconf 92' lang='lat' dir='ltr'><strong>(h.</strong></span> <span class='ocrx_word' id='word_1_344' title='bbox 611 3577 636 3614; x_wconf 89' lang='lat' dir='ltr'><strong>e.</strong></span> <span class='ocrx_word' id='word_1_345' title='bbox 661 3556 689 3629; x_wconf 84' lang='lat'><strong>3,</strong></span> <span class='ocrx_word' id='word_1_346' title='bbox 714 3557 764 3628; x_wconf 89' lang='lat'><strong>24,</strong></span> <span class='ocrx_word' id='word_1_347' title='bbox 790 3557 807 3633; x_wconf 64' lang='grc' dir='ltr'>ξ</span> <span class='ocrx_word' id='word_1_348' title='bbox 826 3558 913 3633; x_wconf 92' lang='grc'>224),</span> <span class='ocrx_word' id='word_1_349' title='bbox 937 3557 1075 3616; x_wconf 87' lang='lat' dir='ltr'><strong>habuisse</strong></span> <span class='ocrx_word' id='word_1_350' title='bbox 1097 3577 1153 3634; x_wconf 91' lang='lat' dir='ltr'><strong>pro</strong></span> <span class='ocrx_word' id='word_1_351' title='bbox 1177 3557 1318 3617; x_wconf 85' lang='lat' dir='ltr'><strong>canonice</strong></span> 
     </span>
     <span class='ocr_line' id='line_1_39' title="bbox 194 3642 1318 3721; baseline 0.002 -21"><span class='ocrx_word' id='word_1_352' title='bbox 194 3642 347 3701; x_wconf 89' lang='lat' dir='ltr'><strong>ordinatis.</strong></span> <span class='ocrx_word' id='word_1_353' title='bbox 393 3644 516 3704; x_wconf 90' lang='lat' dir='ltr'><strong>Bitibus</strong></span> <span class='ocrx_word' id='word_1_354' title='bbox 546 3644 640 3721; x_wconf 88' lang='lat' dir='ltr'><strong>igitur</strong></span> <span class='ocrx_word' id='word_1_355' title='bbox 669 3645 816 3704; x_wconf 79' lang='lat' dir='ltr'><strong>diversam</strong></span> <span class='ocrx_word' id='word_1_356' title='bbox 846 3645 936 3705; x_wconf 90' lang='lat' dir='ltr'><strong>fuisse</strong></span> <span class='ocrx_word' id='word_1_357' title='bbox 963 3667 981 3704; x_wconf 93' lang='lat' dir='ltr'><strong>a</strong></span> <span class='ocrx_word' id='word_1_358' title='bbox 1003 3646 1207 3704; x_wconf 88' lang='lat' dir='ltr'><strong>Romanorum</strong></span> <span class='ocrx_word' id='word_1_359' title='bbox 1235 3665 1318 3705; x_wconf 88' lang='lat' dir='ltr'><strong>more</strong></span> 
     </span>
     <span class='ocr_line' id='line_1_40' title="bbox 192 3731 1319 3810; baseline 0.002 -20"><span class='ocrx_word' id='word_1_360' title='bbox 192 3731 410 3790; x_wconf 88' lang='lat' dir='ltr'><strong>ordinationem</strong></span> <span class='ocrx_word' id='word_1_361' title='bbox 434 3732 590 3791; x_wconf 86' lang='lat' dir='ltr'><strong>Scotorum</strong></span> <span class='ocrx_word' id='word_1_362' title='bbox 613 3734 821 3810; x_wconf 89' lang='lat' dir='ltr'><strong>suspicandum</strong></span> <span class='ocrx_word' id='word_1_363' title='bbox 845 3740 899 3792; x_wconf 87' lang='lat' dir='ltr'><strong>est.</strong></span> <span class='ocrx_word' id='word_1_364' title='bbox 941 3734 1082 3794; x_wconf 85' lang='lat' dir='ltr'><strong>Fortasse</strong></span> <span class='ocrx_word' id='word_1_365' title='bbox 1106 3733 1188 3794; x_wconf 92' lang='lat' dir='ltr'><strong>Scoti</strong></span> <span class='ocrx_word' id='word_1_366' title='bbox 1210 3735 1319 3793; x_wconf 91' lang='lat' dir='ltr'><strong>iisdem</strong></span> 
     </span>
     <span class='ocr_line' id='line_1_41' title="bbox 193 3820 1318 3900; baseline 0.004 -22"><span class='ocrx_word' id='word_1_367' title='bbox 193 3821 241 3878; x_wconf 90' lang='lat' dir='ltr'><strong>vel</strong></span> <span class='ocrx_word' id='word_1_368' title='bbox 257 3820 402 3879; x_wconf 91' lang='lat' dir='ltr'><strong>similibus</strong></span> <span class='ocrx_word' id='word_1_369' title='bbox 417 3821 525 3880; x_wconf 89' lang='lat' dir='ltr'><strong>ritibus</strong></span> <span class='ocrx_word' id='word_1_370' title='bbox 533 3823 699 3881; x_wconf 71' lang='lat' dir='ltr'><strong>&#39;utebantur</strong></span> <span class='ocrx_word' id='word_1_371' title='bbox 711 3828 800 3897; x_wconf 90' lang='lat' dir='ltr'><strong>atque</strong></span> <span class='ocrx_word' id='word_1_372' title='bbox 811 3822 953 3881; x_wconf 86' lang='lat' dir='ltr'><strong>Britones</strong></span> <span class='ocrx_word' id='word_1_373' title='bbox 965 3824 1037 3898; x_wconf 88' lang='lat' dir='ltr'><strong>(vid.</strong></span> <span class='ocrx_word' id='word_1_374' title='bbox 1050 3843 1140 3900; x_wconf 89' lang='lat' dir='ltr'><strong>supra</strong></span> <span class='ocrx_word' id='word_1_375' title='bbox 1151 3844 1181 3900; x_wconf 97' lang='lat' dir='ltr'><strong>p.</strong></span> <span class='ocrx_word' id='word_1_376' title='bbox 1194 3825 1235 3881; x_wconf 82' lang='lat'><strong>26</strong></span> <span class='ocrx_word' id='word_1_377' title='bbox 1250 3825 1318 3898; x_wconf 90' lang='lat' dir='ltr'><strong>sq.),</strong></span> 
     </span>
     <span class='ocr_line' id='line_1_42' title="bbox 193 3909 1317 3988; baseline 0.004 -23"><span class='ocrx_word' id='word_1_378' title='bbox 193 3928 261 3966; x_wconf 90' lang='lat' dir='ltr'><strong>nam</strong></span> <span class='ocrx_word' id='word_1_379' title='bbox 291 3909 396 3967; x_wconf 90' lang='lat' dir='ltr'><strong>iisdem</strong></span> <span class='ocrx_word' id='word_1_380' title='bbox 427 3911 527 3969; x_wconf 86' lang='lat' dir='ltr'><strong>verbis</strong></span> <span class='ocrx_word' id='word_1_381' title='bbox 551 3911 724 3970; x_wconf 79' lang='lat' dir='ltr'><strong>Theodorus</strong></span> <span class='ocrx_word' id='word_1_382' title='bbox 755 3911 909 3988; x_wconf 90' lang='lat' dir='ltr'><strong>episcopos</strong></span> <span class='ocrx_word' id='word_1_383' title='bbox 940 3918 970 3971; x_wconf 88' lang='lat' dir='ltr'><strong>et</strong></span> <span class='ocrx_word' id='word_1_384' title='bbox 993 3933 1010 3970; x_wconf 94' lang='lat' dir='ltr'><strong>a</strong></span> <span class='ocrx_word' id='word_1_385' title='bbox 1033 3911 1130 3971; x_wconf 90' lang='lat' dir='ltr'><strong>Scotis</strong></span> <span class='ocrx_word' id='word_1_386' title='bbox 1154 3919 1184 3971; x_wconf 88' lang='lat' dir='ltr'><strong>et</strong></span> <span class='ocrx_word' id='word_1_387' title='bbox 1207 3932 1225 3969; x_wconf 93' lang='lat' dir='ltr'><strong>a</strong></span> <span class='ocrx_word' id='word_1_388' title='bbox 1247 3911 1317 3969; x_wconf 92' lang='lat' dir='ltr'><strong>Bri·</strong></span> 
     </span>
    </p>
   </div>
   <div class='ocr_carea' id='block_1_5' title="bbox 192 4064 1318 4349">
    <p class='ocr_par' dir='ltr' id='par_1_5' title="bbox 192 4064 1318 4349">
     <span class='ocr_line' id='line_1_43' title="bbox 267 4064 1317 4135; baseline 0 -16"><span class='ocrx_word' id='word_1_389' title='bbox 267 4064 277 4096; x_wconf 90' lang='lat'><strong>¹</strong></span> <span class='ocrx_word' id='word_1_390' title='bbox 297 4066 370 4119; x_wconf 88' lang='lat' dir='ltr'><strong>Nam</strong></span> <span class='ocrx_word' id='word_1_391' title='bbox 394 4068 464 4132; x_wconf 91' lang='lat' dir='ltr'><strong>puto</strong></span> <span class='ocrx_word' id='word_1_392' title='bbox 488 4082 580 4134; x_wconf 90' lang='lat' dir='ltr'><strong>neque</strong></span> <span class='ocrx_word' id='word_1_393' title='bbox 604 4065 633 4118; x_wconf 91' lang='lat' dir='ltr'><strong>in</strong></span> <span class='ocrx_word' id='word_1_394' title='bbox 652 4064 792 4118; x_wconf 87' lang='lat' dir='ltr'><strong>Hibernia</strong></span> <span class='ocrx_word' id='word_1_395' title='bbox 812 4065 948 4132; x_wconf 90' lang='lat' dir='ltr'><strong>scriptum</strong></span> <span class='ocrx_word' id='word_1_396' title='bbox 967 4083 1027 4119; x_wconf 89' lang='lat' dir='ltr'><strong>esse</strong></span> <span class='ocrx_word' id='word_1_397' title='bbox 1045 4065 1089 4130; x_wconf 93' lang='lat' dir='ltr'><strong>id,</strong></span> <span class='ocrx_word' id='word_1_398' title='bbox 1109 4065 1185 4135; x_wconf 90' lang='lat' dir='ltr'><strong>quod</strong></span> <span class='ocrx_word' id='word_1_399' title='bbox 1204 4067 1317 4134; x_wconf 87' lang='lat' dir='ltr'><strong>saepius</strong></span> 
     </span>
     <span class='ocr_line' id='line_1_44' title="bbox 194 4134 1317 4207; baseline 0.003 -20"><span class='ocrx_word' id='word_1_400' title='bbox 194 4134 319 4188; x_wconf 88' lang='lat' dir='ltr'><strong>occurrit</strong></span> <span class='ocrx_word' id='word_1_401' title='bbox 337 4135 367 4187; x_wconf 91' lang='lat' dir='ltr'><strong>in</strong></span> <span class='ocrx_word' id='word_1_402' title='bbox 386 4136 429 4189; x_wconf 91' lang='lat' dir='ltr'><strong>his</strong></span> <span class='ocrx_word' id='word_1_403' title='bbox 443 4135 604 4198; x_wconf 90' lang='lat' dir='ltr'><strong>canonibus,</strong></span> <span class='ocrx_word' id='word_1_404' title='bbox 625 4136 845 4201; x_wconf 80' lang='lat' dir='ltr'><strong>„Hiberaeaaee“</strong></span> <span class='ocrx_word' id='word_1_405' title='bbox 860 4136 982 4207; x_wconf 90' lang='lat' dir='ltr'><strong>[dicunt]</strong></span> <span class='ocrx_word' id='word_1_406' title='bbox 998 4138 1044 4190; x_wconf 90' lang='lat' dir='ltr'><strong>vel</strong></span> <span class='ocrx_word' id='word_1_407' title='bbox 1063 4137 1202 4206; x_wconf 73' lang='lat' dir='ltr'><strong>„synodus</strong></span> <span class='ocrx_word' id='word_1_408' title='bbox 1215 4136 1317 4190; x_wconf 77' lang='lat' dir='ltr'><strong>Hiber·</strong></span> 
     </span>
     <span class='ocr_line' id='line_1_45' title="bbox 192 4205 1318 4276; baseline 0.003 -17"><span class='ocrx_word' id='word_1_409' title='bbox 192 4205 306 4259; x_wconf 74' lang='lat' dir='ltr'><strong>murts“</strong></span> <span class='ocrx_word' id='word_1_410' title='bbox 326 4206 375 4274; x_wconf 89' lang='lat' dir='ltr'><strong>(of.</strong></span> <span class='ocrx_word' id='word_1_411' title='bbox 396 4206 654 4271; x_wconf 85' lang='lat' dir='ltr'><strong>Wassorschleben,</strong></span> <span class='ocrx_word' id='word_1_412' title='bbox 676 4206 716 4260; x_wconf 88' lang='lat' dir='ltr'><strong>Ir.</strong></span> <span class='ocrx_word' id='word_1_413' title='bbox 736 4205 810 4259; x_wconf 90' lang='lat' dir='ltr'><strong>Kan.</strong></span> <span class='ocrx_word' id='word_1_414' title='bbox 829 4225 856 4275; x_wconf 90' lang='lat' dir='ltr'><strong>p.</strong></span> <span class='ocrx_word' id='word_1_415' title='bbox 871 4205 930 4275; x_wconf 82' lang='lat' dir='ltr'><strong>IX)</strong></span> <span class='ocrx_word' id='word_1_416' title='bbox 950 4224 1041 4276; x_wconf 92' lang='lat' dir='ltr'><strong>neque</strong></span> <span class='ocrx_word' id='word_1_417' title='bbox 1061 4207 1204 4262; x_wconf 84' lang='lat' dir='ltr'><strong>Theodori</strong></span> <span class='ocrx_word' id='word_1_418' title='bbox 1223 4208 1318 4262; x_wconf 88' lang='lat' dir='ltr'><strong>archi·</strong></span> 
     </span>
     <span class='ocr_line' id='line_1_46' title="bbox 195 4277 1231 4349; baseline 0.004 -21"><span class='ocrx_word' id='word_1_419' title='bbox 195 4277 323 4345; x_wconf 86' lang='lat' dir='ltr'><strong>episcopi</strong></span> <span class='ocrx_word' id='word_1_420' title='bbox 343 4277 390 4346; x_wconf 90' lang='lat' dir='ltr'><strong>qui</strong></span> <span class='ocrx_word' id='word_1_421' title='bbox 409 4278 543 4331; x_wconf 89' lang='lat' dir='ltr'><strong>dicuntur</strong></span> <span class='ocrx_word' id='word_1_422' title='bbox 561 4278 651 4332; x_wconf 93' lang='lat' dir='ltr'><strong>libros</strong></span> <span class='ocrx_word' id='word_1_423' title='bbox 667 4279 727 4347; x_wconf 88' lang='lat' dir='ltr'><strong>jam</strong></span> <span class='ocrx_word' id='word_1_424' title='bbox 745 4280 812 4331; x_wconf 88' lang='lat' dir='ltr'><strong>tunc</strong></span> <span class='ocrx_word' id='word_1_425' title='bbox 833 4277 970 4332; x_wconf 88' lang='lat' dir='ltr'><strong>Hibernis</strong></span> <span class='ocrx_word' id='word_1_426' title='bbox 989 4278 1116 4349; x_wconf 87' lang='lat' dir='ltr'><strong>cognitos</strong></span> <span class='ocrx_word' id='word_1_427' title='bbox 1137 4278 1231 4332; x_wconf 83' lang='lat' dir='ltr'><strong>fuisse.</strong></span> 
     </span>
    </p>
   </div>
   <div class='ocr_carea' id='block_1_6' title="bbox 0 0 1516 4920">
    <p class='ocr_par' dir='ltr' id='par_1_6' title="bbox 0 0 1516 4920">
     <span class='ocr_line' id='line_1_47' title="bbox 0 0 1516 4920; baseline 0 0"><span class='ocrx_word' id='word_1_428' title='bbox 0 0 1516 4920; x_wconf 95' lang='lat' dir='ltr'><strong> </strong></span> 
     </span>
    </p>
   </div>
  </div>
 </body>
</html>
