3024 4920
644 202 863 265 -18-

370 383 408 450 de
431 384 580 450 Britonum
605 383 633 449 in
658 383 752 451 uaria
775 384 806 451 et
829 384 970 467 Hispania
993 383 1135 450 ecclesiis

196 477 367 538 disserenda
395 477 481 534 nobis
508 482 603 536 erunt.
648 476 821 549 Britonum,
855 497 920 534 cum
951 497 969 534 a
999 473 1167 533 Saxonibus
1196 473 1316 531 sedibus

195 568 274 647 pulsi
307 572 417 639 essent,
452 567 608 625 nonnullos
643 566 856 625 transmarinas
890 565 1006 625 Galliae
1044 565 1179 642 regiones
1209 563 1315 640 petiise

196 678 285 736 supra
305 659 367 731 jam
392 662 651 715 commemoratum
675 663 727 717 est.
774 653 832 713 Sed
856 655 886 712 hi
910 656 1030 713 minime
1052 653 1141 732 primi
1156 652 1315 711 Britonum

197 746 345 805 domicilia
368 745 397 802 in
416 743 516 803 Gallia
532 745 730 821 quaesierunt.
760 745 831 803 Jam
854 745 905 802 diu
928 745 1005 802 enim
1028 743 1081 801 illa
1097 742 1213 801 Galliae
1236 761 1314 819 pars,

198 835 244 892 cui
259 835 345 893 hodie
362 854 467 893 nomen
484 841 530 893 est
551 830 737 913 „Brewpnffl
760 841 831 893 tune
848 834 1015 905 Armorica,
1039 854 1057 891 a
1072 832 1246 890 Britonibus
1269 831 1314 889 in-

196 924 363 996 colebatur,
398 923 450 1000 qui
483 923 613 1002 expulsis
636 923 836 981 Romanorum
868 923 1012 982 militibus
1041 942 1118 981 anno
1142 921 1205 978 409
1222 939 1313 1000 pecn-

196 1009 298 1074 ls'nrem
328 1032 364 1074 aa
393 1032 449 1071 suo
478 1011 614 1071 66166116
643 1011 785 1071 6161161661
817 1012 973 1088 (Zosimos.
1001 1012 1040 1071 Η.
1064 1012 1122 1069 and
1146 1009 1190 1070 St.
1217 1010 1260 1082 H,
1287 1010 1315 1082 1,

195 1123 226 1180 p.
244 1104 284 1161 72
308 1109 362 1161 661
377 1103 409 1178 b)
434 1101 657 1160 constituerant.
695 1102 795 1178 Hujus
822 1102 907 1180 regni
931 1101 1062 1179 episcopi
1085 1100 1184 1176 quinti
1206 1098 1316 1158 saeculi

195 1192 377 1270 temporibus
402 1190 567 1249 Turonensi
595 1192 817 1270 archiepiscopo
845 1191 971 1267 subjecti
1002 1197 1087 1250 erant
1111 1190 1163 1264 (H.
1187 1189 1246 1246 and
1270 1186 1314 1247 st.

196 1281 238 1356 II,
260 1284 286 1354 l,
303 1303 331 1359 p.
349 1279 404 1354 91)
428 1288 458 1338 61
481 1280 600 1356 synodis
623 1281 653 1338 in
671 1280 772 1339 Gallia
787 1281 975 1358 congregatis
998 1280 1198 1339 interfuerunt
1221 1280 1314 1353 (conc.

197 1369 306 1429 Furon.
330 1369 355 1443 I,
383 1370 433 1426 H..
453 1371 512 1427 and
540 1368 584 1428 St.
607 1369 650 1443 H,
682 1371 707 1442 l,
735 1391 765 1446 p.
795 1372 845 1444 72,
878 1391 955 1428 anno
986 1370 1068 1442 461;
1104 1389 1183 1428 conc.
1207 1367 1315 1428 Venet.

195 1482 262 1519 ann.
287 1458 350 1518 465
376 1459 416 1516 ib.
439 1481 467 1536 p.
493 1460 548 1531 733
577 1479 656 1518 conc.
679 1459 834 1517 Aurelian.
858 1460 884 1533 I,
908 1480 975 1518 ann.
1001 1456 1062 1518 511
1087 1459 1126 1516 ib.
1150 1480 1179 1535 p.
1205 1456 1254 1530 74,
1278 1458 1315 1514 61.

195 1549 234 1608 11).
257 1570 286 1626 p.
312 1550 351 1604 96
377 1556 437 1606 not.
461 1549 503 1624 b).
549 1546 608 1607 Sed
637 1549 709 1607 haec
737 1548 896 1607 Britonum
920 1570 985 1607 cum
1009 1547 1104 1607 Gallis
1133 1546 1314 1605 consuetudo

108 1698 122 1721 ,
195 1639 315 1696 ineunte
339 1638 454 1695 saeculo
478 1643 561 1696 sexto
585 1638 739 1716 paullatim
762 1639 930 1697 intermissa
954 1645 1006 1711 est,
1031 1643 1189 1715 postquam
1205 1635 1315 1694 Franci

195 1747 272 1785 anno
305 1726 367 1783 502
399 1726 587 1785 Armoricam
618 1747 687 1785 suae
722 1727 846 1786 dicionis
876 1729 1012 1786 fecerunt
1044 1727 1096 1802 (H.
1120 1726 1178 1784 and
1201 1724 1247 1787 St.
1271 1724 1314 1798 H,
1402 1757 1407 1766 ·

198 1819 224 1889 l,
248 1838 276 1894 p.
301 1812 342 1877 72
368 1823 428 1874 not.
452 1818 489 1892 6).
535 1817 611 1877 Nam
641 1837 706 1874 cum
729 1817 889 1876 Britonum
917 1818 1020 1890 duces,
1049 1816 1101 1892 qui
1125 1836 1160 1873 ex
1184 1834 1218 1873 eo
1240 1821 1314 1872 tem·

194 1926 266 1983 pore
290 1905 410 1982 regibus
434 1912 642 1978 successerant,
667 1928 684 1964 a
708 1906 889 1966 Francorum
918 1907 1088 1985 principatu
1111 1925 1204 1982 paene
1227 1904 1314 1962 liberi

195 2003 292 2054 essent
314 1995 370 2071 (H.
392 1995 450 2053 and
474 1993 516 2055 St.
540 1996 583 2069 ΙΙ,
610 1997 636 2069 l,
660 2016 688 2073 p.
714 1998 754 2054 72
779 2004 840 2056 not.
858 2001 894 2074 c),
918 1998 959 2055 nil
983 1997 1134 2067 obstabat,
1158 1994 1315 2070 quominus

194 2084 335 2143 Britones
358 2086 468 2144 iterato
491 2084 673 2144 advenarum
697 2087 733 2144 de
756 2087 856 2164 patria
879 2086 1010 2146 adventu
1034 2085 1115 2143 aucti
1130 2082 1252 2158 (Hand
1270 2080 1314 2137 St.

193 2174 236 2246 ΙΙ,
263 2175 289 2247 1,
313 2195 340 2250 p.
367 2176 407 2231 72
431 2180 491 2232 661.
513 2173 544 2250 d)
569 2174 635 2232 odio
660 2181 764 2233 contra
786 2175 930 2246 Francos,
964 2174 1097 2231 dominos
1120 2190 1201 2242 suos,
1237 2188 1312 2226 com·

193 2263 266 2320 moti
289 2263 363 2320 adeo
387 2261 563 2335 solitariam,
587 2269 622 2320 ut
644 2263 688 2319 ita
711 2262 820 2335 dicam,
845 2263 938 2322 vitam
960 2263 1060 2321 vivere
1083 2259 1255 2336 inciperent,
1279 2263 1314 2315 ut

193 2351 325 2429 episcopi
363 2370 463 2410 eorum
498 2350 528 2406 in
568 2350 687 2427 synodis
720 2349 875 2410 Gallorum
907 2353 954 2410 vel
992 2349 1092 2428 potius
1129 2349 1313 2406 Francorum

194 2442 318 2520 posthac
334 2440 384 2499 vix
400 2447 567 2517 appareant
583 2441 631 2516 (cf.
647 2440 687 2499 H.
704 2441 763 2499 and
779 2439 822 2500 St.
839 2441 881 2514 II,
901 2442 928 2514 l,
949 2463 978 2518 p.
996 2441 1035 2497 91
1055 2445 1085 2498 61
1100 2459 1127 2515 p.
1145 2439 1185 2494 96
1204 2444 1264 2495 not.
1281 2438 1313 2511 b)

100 2608 102 2612 Ι
194 2537 225 2589 61
251 2550 288 2588 66
318 2529 508 2607 synodalibus
536 2529 655 2605 quidem
684 2529 896 2589 minationibus
924 2529 1048 2607 (Turon.
1075 2527 1118 2600 H,
1147 2547 1214 2585 ann.
1240 2527 1313 2598 567,

193 2619 232 2678 H.
249 2619 309 2677 and
324 2617 369 2680 St.
385 2617 429 2693 II,
447 2619 474 2691 1,
490 2640 520 2696 p.
539 2621 594 2695 77)
617 2619 775 2678 videantur
797 2620 929 2698 potuisse
953 2617 1138 2691 commoveri,
1162 2623 1197 2675 ut
1219 2615 1314 2674 archi·

193 2708 330 2787 episcopo
355 2707 521 2767 Turonensi
544 2708 670 2787 amplius
693 2709 875 2768 oboedirent.

282 2799 414 2872 Quorum
442 2796 601 2856 Britonum
630 2797 666 2856 de
694 2799 825 2856 moribus
854 2817 930 2875 quae
960 2796 1084 2855 dicenda
1114 2801 1213 2869 erunt,
1245 2815 1312 2852 con·

191 2887 279 2964 jungi
300 2893 426 2967 possunt
449 2907 514 2945 cum
538 2887 583 2961 iis,
607 2908 683 2964 quae
706 2888 742 2947 de
765 2887 824 2946 illis
839 2887 998 2946 Britonum
1020 2885 1159 2958 ecclesiis,
1183 2904 1258 2961 quae
1282 2885 1313 2942 in

192 2977 341 3055 Hispania
364 2999 398 3036 ac
422 2976 540 3052 quidem
563 2977 594 3034 in
612 2975 740 3035 Gallicis
763 2977 839 3037 sexti
861 2975 970 3036 saeculi
997 2975 1180 3053 temporibus
1201 2975 1312 3051 reperi-

193 3071 284 3124 untur
301 3066 352 3142 (H.
369 3065 427 3124 and
444 3065 487 3123 St.
503 3064 547 3138 ΙΙ,
567 3065 593 3134 1,
617 3087 644 3144 p.
663 3067 703 3123 99
721 3069 798 3143 sqq.)
815 3085 1042 3125 commemorare
1057 3065 1144 3123 nobis
1156 3084 1230 3142 opus
1246 3063 1312 3122 erit

283 3154 363 3228 Quid
380 3154 473 3230 igitur
489 3154 525 3211 de
542 3158 667 3231 utraque
683 3153 737 3212 hac
754 3155 913 3214 Britonum
929 3154 1052 3214 ecclesia
1067 3153 1222 3212 dicendum
1247 3152 1313 3212 est?

194 3244 311 3320 qualem
334 3240 500 3302 invenimus
524 3243 561 3300 ab
585 3243 722 3302 universa
746 3244 868 3302 ecclesia
885 3242 1116 3303 dissensionem?
1140 3243 1259 3302 Nullam
1276 3241 1313 3299 de

192 3333 251 3391 fide
268 3332 421 3391 catholica.
467 3331 613 3408 Alioquin
628 3352 724 3409 neque
741 3332 864 3391 Gallicis
880 3333 951 3409 (vid.
968 3333 1069 3408 supra)
1090 3349 1186 3406 neque
1201 3331 1312 3408 Hispa-

193 3422 267 3480 nicis
291 3421 343 3499 (H.
367 3421 426 3481 and
450 3419 492 3482 St.
516 3421 560 3493 ΙΙ,
587 3423 613 3492 1,
636 3443 665 3499 p.
690 3423 730 3479 99
755 3425 810 3500 sq.)
842 3422 961 3497 synodis
992 3420 1151 3479 Britonum
1182 3420 1312 3498 episcopi

193 3511 369 3583 adfuissent,
394 3511 524 3587 alioquin
549 3507 711 3586 Gregorius
735 3510 915 3571 Turonensis
938 3509 1123 3578 Winochum,
1147 3507 1311 3582 Britonem,

134 3672 136 3676 Α
194 3620 252 3658 666
276 3600 426 3659 laudasset
449 3600 495 3657 his
517 3599 629 3658 verbis:
654 3608 720 3659 1666
737 3601 767 3676 (i.
785 3623 807 3662 e.
824 3622 849 3660 a.
866 3600 893 3660 d.
911 3599 988 3676 578)
1012 3593 1176 3669 1116661616,
1198 3596 1311 3669 Britan,

192 3688 223 3748 in
252 3708 368 3748 summu
399 3686 567 3748 insomnia
590 3709 609 3746 6
633 3685 798 3749 Britanniis
828 3687 902 3748 venit
933 3685 1062 3747 Turones
1092 3683 1312 3767 Hiersolymam

193 3776 276 3838 adire
299 3776 422 3858 cupiam,
445 3773 559 3836 661166
582 3774 664 3837 alind
686 3777 883 3838 uestimentum
904 3775 962 3836 nisi
983 3820 989 3833 .
1007 3820 1013 3833 .
1032 3819 1060 3833 ..
1086 3773 1204 3848 161666,
1227 3795 1312 3857 quem

192 3887 244 3927 nos
260 3868 337 3946 (ipse
352 3865 537 3944 Gregorius),
560 3886 616 3948 quo
631 3864 755 3948 facilius
778 3876 943 3937 16666666,
966 3863 1138 3947 quidnobis
1160 3863 1312 3946 reiipiosua

193 3953 277 4015 valde
299 3953 457 4028 radebatur,
478 3954 651 4036 presbyterii
670 3956 768 4037 966116
782 3953 987 4024 honoravimus
1011 3955 1050 4032 (h.
1068 3976 1089 4017 e.
1107 3961 1187 4033 gent.
1203 3956 1310 4015 Franc.

193 4045 230 4119 V,
255 4045 305 4102 24.
327 4046 368 4106 Η.
392 4045 451 4104 and
474 4044 518 4105 St.
541 4046 566 4120 I,
594 4048 621 4119 1,
645 4068 673 4124 p.
699 4042 763 4122 78).

283 4134 418 4194 Eundem
435 4157 505 4213 ergo
521 4135 558 4193 de
581 4134 639 4193 fide
663 4134 808 4194 catholica
832 4154 1005 4194 consensum
1028 4133 1198 4213 reperimus,
1223 4154 1310 4209 quem

193 4224 272 4302 apud
300 4222 428 4282 Gildam.
475 4224 553 4299 Quin
585 4224 673 4283 etiam
705 4244 780 4300 quae
810 4244 901 4301 supra
930 4223 968 4282 de
999 4224 1183 4283 sacerdotum
1207 4222 1310 4281 matri·

193 4313 298 4372 moniis
328 4334 387 4372 non
416 4314 478 4372 sine
507 4313 682 4386 conjecturis
715 4314 746 4371 in
777 4313 905 4371 medium
938 4313 1127 4390 protulimus,
1163 4313 1217 4370 hoc
1245 4312 1311 4369 loco
