3024 4920
649 202 866 259 ..44-

194 383 268 442 duos
291 382 440 441 Patricios
471 381 654 458 distinguere
683 381 778 438 coacti
809 386 886 438 sunt.
933 380 1000 439 Tali
1031 380 1109 438 enim
1139 379 1225 439 modo
1253 384 1317 457 jam

194 472 348 532 annotatio
376 471 428 530 illa
450 471 487 528 de
510 470 644 528 Patricio
667 476 697 528 et
719 469 857 527 Palladio
881 469 1019 529 distinxit
1047 469 1125 529 inter
1148 469 1317 528 Palladium

193 559 262 644 ‚pai
275 557 424 620 Patricius
440 557 498 619 alio
514 558 629 618 aomina
643 555 865 639 appellaturum
880 565 910 618 et
924 558 1106 630 „secandam
1121 556 1316 630 Patricium&

193 650 359 710 Hiberniae
375 650 541 727 apostolum
558 650 606 724 (cf.
624 669 713 725 supra
728 668 756 724 p.
774 648 838 724 35).
884 648 1052 706 Palladium
1074 649 1166 725 igitur
1189 649 1316 707 alterum

193 740 277 798 illum
300 738 464 798 Patricium
487 758 549 796 esse
573 737 687 815 opinor.

283 827 452 886 Palladium
474 826 706 904 intellegendum
730 846 791 884 esse
808 825 897 884 etiam
919 827 949 884 in
966 826 1049 886 Pieoi
1064 826 1172 903 hymno
1189 828 1317 886 alterum

193 917 359 976 Patricium
383 915 530 976 affirmare
553 936 612 974 non
636 914 748 972 dubito.
794 915 876 991 Ergo
900 915 981 974 Fieci
1004 915 1129 992 hymnus
1152 937 1211 975 non
1234 917 1317 994 prius

194 1005 374 1084 compositus
406 1010 463 1078 est,
496 1025 584 1082 quam
612 1002 695 1064 Scoti
723 1003 759 1061 de
786 1003 922 1063 Palladio
953 1004 1139 1064 audiverunt.
1186 1005 1318 1064 Palladii

191 1102 293 1155 autem
316 1095 463 1168 notitiam,
487 1094 513 1153 si
535 1115 638 1154 revera
653 1093 800 1152 Muirohui
816 1093 878 1153 vita
902 1098 1026 1152 exeunte
1050 1096 1166 1153 saeculo
1190 1095 1317 1172 septimo

194 1184 363 1262 conscripta
387 1191 440 1258 est,
465 1182 556 1256 Scoti,
580 1183 649 1260 quia
671 1181 853 1241 Tirechanus
877 1203 937 1241 non
957 1186 1021 1257 jam
1045 1183 1223 1243 mentionem
1246 1184 1318 1243 fecit

194 1275 230 1332 de
253 1273 402 1346 Palladio,
435 1294 467 1331 eo
496 1273 560 1350 ipso
589 1277 715 1330 exeunte
744 1273 859 1330 saeculo
888 1273 1013 1350 septimo
1043 1271 1168 1350 ideoque
1192 1294 1228 1332 ex
1250 1273 1317 1351 ipso

193 1362 350 1440 Prospero,
374 1382 434 1420 non
458 1383 494 1420 ex
509 1361 602 1434 Beda,
626 1366 811 1438 acceperuut.
856 1359 964 1437 Itaque
985 1361 1068 1419 Fieci
1090 1363 1230 1439 hymnum
1255 1383 1317 1420 sae-

194 1453 266 1511 culo·
283 1457 387 1510 octavo
413 1451 607 1528 compositum
632 1469 693 1509 esse
724 1470 827 1508 censeo
854 1457 923 1528 post
951 1450 1134 1528 conscriptas
1158 1451 1317 1509 Tircchani

194 1540 402 1600 annotationes
430 1547 461 1598 et
491 1539 641 1598 Muirohui
672 1539 773 1598 vitam.
821 1540 903 1613 Quae
936 1540 1085 1598 sententia
1118 1540 1318 1617 compluribus

194 1629 362 1689 confirmari
390 1636 503 1708 potest,
535 1648 611 1706 quae
638 1628 693 1686 hoc
722 1648 780 1686 uno
810 1627 1111 1706 comprehenduntur,
1143 1628 1223 1707 quod
1251 1649 1318 1688 cum

193 1719 342 1778 Muirchui
365 1719 428 1777 vita
451 1718 495 1777 ita
519 1718 656 1793 congruit
679 1716 762 1775 Pieci
784 1717 923 1794 hymnus,
954 1723 989 1776 ut
1016 1718 1069 1776 illa
1097 1719 1163 1795 ipsa
1185 1719 1249 1778 vita
1272 1718 1317 1777 ita

193 1829 263 1868 usus
292 1828 353 1867 esse
382 1807 521 1867 videatur
547 1806 650 1882 hymni
676 1812 778 1883 poeta,
814 1813 849 1865 ut
882 1827 957 1883 quae
991 1827 1027 1864 ex
1059 1807 1111 1865 illa
1143 1812 1317 1885 sumpserat,

194 1898 320 1957 aliorum
342 1897 451 1955 fabulis
476 1903 606 1973 augeret.
638 1896 714 1956 Nam
738 1914 797 1953 non
822 1896 914 1954 solum
938 1902 1064 1973 uterque
1084 1896 1214 1955 Palladii
1236 1917 1317 1954 men·

195 1987 306 2047 tionem
329 1986 402 2045 facit
424 2007 520 2063 neque
543 1991 643 2044 tamen
666 1984 798 2043 fabulam
821 1984 858 2042 de
874 1984 1043 2043 Caelestino
1058 2006 1137 2063 papa
1152 1985 1318 2044 Patricium

195 2076 333 2134 mittente
356 2081 485 2148 enarrat,
508 2081 635 2152 uterque
660 2075 701 2131 60
725 2094 818 2132 annos
833 2073 999 2133 Patricium
1022 2074 1053 2132 in
1068 2075 1218 2133 Hibernia
1241 2095 1318 2133 com·

195 2171 341 2223 moratum
366 2169 396 2222 et
414 2164 476 2221 120
500 2183 592 2222 annos
615 2169 718 2222 natum
742 2184 758 2220 e
780 2163 844 2223 vita
867 2165 1032 2239 profectum
1056 2184 1119 2223 esse
1142 2165 1241 2236 refert,
1265 2164 1319 2222 scd

195 2255 257 2311 fere
281 2253 378 2310 omnia
402 2273 478 2329 quae
503 2253 641 2311 carminis
656 2252 791 2311 versibus
816 2252 944 2310 43-61
972 2253 1162 2312 continentur
1184 2242 1335 2312 invenies

195 2342 275 2420 apud
297 2341 485 2400 Muirchuum
509 2341 649 2416 (Betham
664 2340 708 2413 II,
725 2362 793 2418 app.
809 2363 838 2419 p.
854 2341 917 2400 XV
933 2343 989 2418 sq.)
1014 2361 1047 2399 ac
1071 2341 1190 2419 quidem
1214 2341 1318 2400 eodem

194 2433 255 2490 fere
284 2431 388 2489 ordine
418 2437 551 2504 narrata,
581 2431 633 2490 sed
660 2429 839 2506 simpliciora
868 2431 916 2505 (cf.
944 2430 1062 2507 inprim.
1087 2451 1160 2490 vers.
1186 2431 1317 2488 55-60

81 2527 83 2531 ’
196 2541 261 2579 cum
284 2520 433 2579 lduirchui
455 2541 484 2597 p.
507 2518 609 2597 XVI).
656 2519 793 2596 Denique
817 2539 892 2597 quae
917 2518 952 2577 de
977 2517 1125 2578 Germano
1153 2520 1184 2577 in
1213 2519 1318 2579 insulis

195 2609 286 2668 maris
318 2608 467 2686 Tyrrheni
498 2628 557 2667 una
592 2629 656 2667 cum
691 2608 824 2667 Patricio
862 2614 1061 2667 commorante
1094 2629 1185 2688 supra
1215 2631 1244 2687 p.
1274 2609 1315 2666 41

195 2699 315 2777 protuli,
339 2698 394 2756 hoc
417 2699 481 2756 loco
504 2697 687 2775 neglegenda
710 2718 769 2755 non
793 2703 870 2756 sunt.

285 2789 368 2862 Quae
397 2807 462 2845 cum
489 2787 532 2846 ita
561 2787 633 2860 sint,
668 2786 750 2844 Fieci
777 2786 903 2862 hymnus
935 2787 1046 2844 nullum
1075 2788 1113 2845 ad
1145 2787 1318 2847 solvendam

195 2883 326 2937 nostram
351 2876 554 2955 quaestionem
578 2875 681 2935 attulit
703 2881 892 2934 momentum.
938 2875 983 2934 At
1008 2874 1168 2934 Secundini
1190 2877 1317 2952 hymnus

196 2968 280 3026 adest
302 2967 429 3026 testibus
452 2986 512 3023 non
535 2966 605 3024 solis
621 2966 661 3024 H.
677 2964 736 3022 and
752 2963 795 3022 St.
813 2964 867 3040 (II,
887 2966 914 3038 2,
931 2987 959 3043 p.
978 2966 1040 3023 327
1059 2968 1133 3042 not.)
1149 2965 1242 3043 ipsius
1257 2964 1316 3023 Pa·

195 3056 276 3115 tricii
297 3054 482 3132 temporibus
506 3054 698 3131 conscriptus.
746 3051 806 3111 Sed
828 3053 931 3126 timeo,
963 3075 1000 3112 ne
1023 3074 1082 3112 non
1107 3055 1212 3130 majori
1234 3053 1315 3114 utili·

194 3145 252 3203 tati
275 3143 361 3202 nobis
384 3143 423 3201 eit
447 3163 535 3218 quam
559 3141 642 3200 Fieci
665 3161 796 3214 carmen,
826 3162 895 3199 nam
919 3142 955 3199 de
978 3149 1125 3221 ternpore,
1157 3164 1214 3220 quo
1239 3164 1316 3201 com·

194 3232 308 3310 positus
337 3238 425 3304 esset,
464 3237 544 3289 certo
577 3232 681 3290 falsam
714 3231 891 3290 sententiam
919 3233 1054 3291 tulerunt
1081 3232 1140 3291 viri
1167 3232 1247 3291 docti
1274 3233 1315 3290 H.

194 3322 253 3381 and
270 3321 313 3382 St.
344 3320 504 3380 Potissimo
527 3320 605 3378 enim
621 3325 747 3378 utuntur
762 3327 945 3394 argumento,
971 3321 1050 3397 quod
1073 3322 1104 3379 in
1127 3321 1182 3379 hoc
1205 3321 1315 3396 hymno

195 3412 237 3469 nil
260 3411 332 3470 insit
355 3411 391 3469 de
414 3411 475 3468 ulla
497 3409 623 3468 Patricii
646 3428 711 3467 cum
733 3408 877 3468 Romanis
901 3410 1124 3469 necessitudine.
1171 3409 1216 3469 At
1242 3410 1316 3468 haec

194 3501 259 3578 ipsa
282 3500 382 3559 resin
406 3498 623 3558 dubitationem
646 3497 746 3556 vocari
768 3504 874 3575 potest.
913 3498 964 3556 An
989 3499 1068 3575 quod
1090 3505 1178 3576 poeta
1201 3496 1314 3569 „domi-

194 3597 275 3659 aaa“,
310 3589 421 3665 inquit,
456 3584 563 3659 „clima
589 3583 682 3666 clepit,
717 3594 748 3645 at
775 3585 888 3646 docem
916 3585 1058 3646 barbaras
1090 3586 1240 3646 autioaea“
1267 3589 1313 3646 vel

194 3697 299 3758 ‚pacm
322 3677 393 3738 deus
416 3675 494 3735 misit
516 3684 547 3734 at
569 3673 701 3734 Paulum
723 3674 765 3734 ad
786 3683 881 3754 pratea
904 3671 1099 3755 Apostolum“
1122 3677 1174 3752 (Η.
1191 3677 1249 3735 and
1270 3675 1315 3736 St.

193 3766 237 3839 H,
262 3769 280 3824 2
310 3790 338 3846 p.
364 3766 427 3823 324
452 3772 482 3824 et
506 3765 592 3840 325),
624 3766 814 3842 comprobare
845 3770 944 3841 potest
975 3770 1093 3842 poetam
1123 3765 1159 3823 de
1189 3765 1316 3824 Patricii

194 3856 352 3915 itineribus
378 3875 433 3932 per
456 3853 586 3912 Galliam
614 3860 703 3931 atque
731 3853 852 3913 Italiam
876 3862 930 3913 eto.
958 3853 1032 3912 nihil
1055 3853 1224 3914 audivisse?
1259 3854 1315 3912 Mi-

195 3944 281 4003 nime.
326 3944 403 4004 Nam
431 3943 474 4002 nil
501 3943 620 4002 omnino
648 3942 726 4001 inest
749 3942 780 3999 in
803 3941 859 4000 hoc
882 3941 1010 4001 carmine
1033 3943 1069 4000 de
1093 3943 1156 4001 vita
1179 3942 1314 4017 Patricii,

194 4034 320 4109 hymnus
343 4038 388 4092 est
410 4033 512 4092 laudes
536 4032 698 4104 continens,
722 4051 781 4088 non
805 4037 924 4089 enarrat
946 4031 1048 4089 vitam.
1079 4031 1193 4107 Hymni
1216 4037 1315 4090 autem

195 4127 301 4180 natura
325 4124 391 4193 fert,
415 4128 449 4181 ut
472 4121 508 4179 de
530 4121 699 4180 hominibus
723 4139 812 4196 quam
836 4119 955 4176 minime
978 4119 1095 4178 dicat—ur
1118 4126 1148 4178 et
1171 4119 1242 4178 deus
1266 4122 1315 4180 vel

195 4211 291 4271 sancti
326 4210 510 4269 sufficiantur
544 4210 576 4268 in
607 4229 706 4267 eorum
736 4209 842 4266 locum.
889 4208 969 4281 Quin
1002 4208 1091 4267 etiam
1121 4209 1225 4284 negari
1254 4230 1315 4268 non

194 4306 302 4379 potest,
326 4299 399 4359 alios
423 4300 561 4359 carminis
585 4318 687 4360 versus
709 4297 756 4355 his
779 4296 877 4354 verbis
901 4296 1038 4374 scriptos:
