3024 4920
678 144 1023 245 -rao-'

241 363 287 422 De
311 382 378 435 qua,
405 381 468 419 cum
493 363 554 432 ipse
577 362 623 416 vir
646 361 822 416 venerandus
847 363 982 432 loquendi
1004 368 1175 432 potestatem
1198 364 1267 419 mibi
1292 383 1358 420 con·

243 437 370 502 cesserit,
389 437 512 490 lectores
532 434 651 488 edocere
669 433 740 487 mihi
758 433 851 490 liceat.

314 507 395 563 Sicut
418 506 540 561 vidimus
568 505 717 560 ecclesiam
742 503 892 559 Scotorum
920 505 1034 561 ineunte
1059 507 1171 561 saeculo
1197 508 1295 577 quinto
1321 512 1357 565 ab

241 580 363 635 ecclesia
386 578 527 634 catholica
549 576 662 632 omnino
682 576 823 631 diversam
841 594 898 631 non
917 577 1018 642 fuisse,
1044 582 1143 647 postea
1162 583 1268 645 autem,
1293 597 1357 636 oum

241 655 352 707 remota
370 668 387 704 a
406 649 575 703 commercio
595 665 658 702 oum
678 647 740 701 aliis
760 648 896 703 ecclesiae
908 649 1037 716 partibus
1051 653 1081 703 et
1093 650 1264 716 retinuisset,
1285 668 1356 720 quae

240 724 311 780 alibi
328 721 518 785 mutabantur,
539 722 569 773 et
585 723 721 773 mutasset
739 719 795 773 alia
812 737 902 789 pauca
920 737 973 789 pro
991 738 1041 775 sua
1058 721 1146 790 ipsius
1158 724 1268 787 natura,
1288 724 1359 780 levi·

240 794 336 850 oribus
355 792 526 856 dissensisse,
546 792 588 845 ita
607 790 692 844 etiam
711 807 756 844 ars
769 789 918 845 Scotorum
930 791 1012 847 initio
1025 792 1125 847 eadem
1138 791 1223 848 fnium
1234 792 1355 860 videtur,

242 883 326 935 quam
350 864 423 918 aliae
447 878 558 932 quoque
582 865 681 930 gentes
700 880 716 915 a
735 861 871 916 Romanis
891 862 1061 918 didicerunt.
1099 863 1157 918 Sed
1176 881 1240 919 oum
1258 870 1357 935 postea

241 935 443 992 consuetudine
467 933 629 989 intermissa
647 934 782 1001 exemplis
801 937 831 987 et
849 933 991 1002 magistris
1010 939 1152 1000 carerent,
1173 935 1234 1006 ,filis
1253 937 1360 993 suiset

240 1008 297 1078 ipsi
310 1007 389 1062 Scoti
409 1010 439 1060 et
456 1007 582 1074 ipsorum
600 1005 730 1073 picturae
749 1004 975 1060 involvebantur.
1008 1006 1061 1060 Oui
1073 1007 1115 1060 rei
1128 1007 1292 1064 testimonio
1303 1013 1357 1076 est,

240 1080 317 1149 quod
329 1078 524 1132 Hibernorum
536 1076 651 1130 tabulae
664 1077 794 1141 minores,
816 1094 871 1146 quo
884 1077 1058 1147 antiquiores
1072 1082 1145 1142 sunt,
1164 1096 1198 1133 eo
1209 1078 1356 1136 similiores

240 1153 283 1216 iis,
304 1151 353 1219 qui
371 1149 402 1203 in
420 1148 482 1202 aliis
495 1147 721 1202 occidentalium
740 1148 885 1202 codicibus
898 1148 1086 1213 inveniuntur,
1108 1167 1163 1217 quo
1175 1151 1356 1216 recentiores,

239 1240 273 1279 eo
291 1221 381 1290 magis
394 1221 557 1288 discrepant
569 1235 631 1272 cum
644 1218 717 1275 aliis.
749 1218 823 1274 Nam
834 1221 1032 1285 vetustissima,
1052 1237 1123 1290 quae
1137 1225 1238 1287 exstat,
1258 1224 1358 1278 tubula

187 1350 194 1358 ,
239 1295 325 1364 picta,
346 1293 446 1346 beatae
458 1289 567 1346 Mariae
579 1290 704 1359 virginis
718 1291 869 1362 imaginem
881 1292 1020 1359 praebens
1034 1292 1076 1361 (in
1089 1291 1132 1346 tbe
1143 1291 1219 1348 Boolc
1230 1292 1264 1361 of
1272 1295 1356 1359 Koile,

240 1382 312 1423 saec.
333 1362 393 1417 VII
413 1362 609 1415 -delineata
631 1361 661 1414 in
687 1361 741 1416 Ibe
764 1362 997 1432 palaeographicul
1019 1363 1099 1418 socer
1140 1365 1180 1420 ed.
1199 1363 1280 1420 Boua
1302 1367 1360 1422 aad

242 1437 394 1504 Ibompeou
413 1433 482 1489 1873
501 1451 561 1502 sqq.
581 1432 605 1497 I,
628 1432 686 1489 tab.
705 1433 754 1499 573
782 1438 811 1487 et
828 1433 906 1487 varie
925 1433 1003 1502 picta
1021 1435 1051 1489 in
1110 1437 1235 1502 cstwood,
1259 1437 1357 1492 Paua-

287 1507 474 1576 opulescere
493 1503 615 1574 putoria
639 1503 717 1569 1845,
741 1505 798 1559 tab.
819 1503 866 1573 16)
890 1505 976 1559 etiam
999 1506 1140 1575 quandam
1165 1524 1230 1561 oum
1254 1508 1359 1562 tabulis

286 1578 376 1632 mauis
394 1575 608 1630 similitudinem
626 1575 721 1641 babet,
741 1577 913 1631 recentiores
931 1580 1026 1632 autem
1044 1581 1077 1631 ut
1090 1576 1288 1646 Sangallenses
1302 1580 1358 1649 (di-

239 1652 374 1719 vulgatae
403 1651 433 1702 et
464 1647 623 1701 delineatae
656 1665 673 1701 a
697 1647 816 1702 Kellero
839 1647 858 1701 l.
883 1648 920 1714 c.)
950 1653 979 1702 et
1007 1665 1058 1702 eae
1088 1665 1160 1718 quae
1191 1654 1304 1704 exstant
1328 1651 1359 1704 in

236 1719 397 1848 {umoribus
422 1718 566 1779 codicibus
586 1717 749 1772 Hibernicis
774 1724 806 1773 ut
829 1719 859 1772 in
883 1719 926 1774 tbe
946 1720 1056 1788 Goepele
1074 1719 1107 1788 of
1121 1719 1163 1775 st.
1184 1719 1260 1776 orco
1278 1722 1358 1790 (circ.

227 1786 229 1791 ’
256 1793 301 1849 00.
321 1789 382 1846 Pal.
397 1789 460 1847 Soc.
473 1789 531 1844 tab.
546 1788 593 1855 21;
608 1789 773 1845 Westwood
785 1791 843 1847 tab.
858 1789 913 1859 12),
934 1792 976 1845 tte
991 1789 1101 1860 Gospcls
1113 1790 1146 1859 of
1156 1791 1222 1846 Mac
1234 1793 1360 1848 Durriae
1473 1785 1475 1788 ’

239 1863 326 1991 gaso.
347 1861 423 1916 VIII
442 1860 607 1916 Westwood
625 1861 684 1918 tab.
705 1861 760 1929 13),
782 1861 825 1916 the
842 1861 953 1930 ocimu
971 1861 1005 1930 of
1015 1862 1081 1917 Mac
1093 1862 1178 1932 Repol
1195 1863 1276 1932 (circ.
1295 1863 1359 1918 800.

264 1936 301 1992 al.
322 1933 385 1989 Soc.
404 1933 463 1987 tab.
484 1934 530 2000 91;
548 1930 714 1988 Westvvood
731 1932 789 1988 tab.
809 1932 856 2000 44)
876 1936 973 1988 tantae
993 1938 1059 1988 sunt
1076 1933 1154 1988 laudi
1173 1933 1359 2004 calligrapho,

239 2011 272 2062 ut
293 2006 335 2061 nil
357 2004 412 2059 nisi
435 2005 608 2074 vituperatio
632 2002 733 2059 relicta
755 2005 793 2058 sit
814 2004 932 2073 pictori,
956 2021 1048 2074 neque
1071 2005 1109 2058 sit
1131 2006 1190 2059 ulla
1213 2023 1277 2060 cum
1296 2006 1361 2061 aliis

239 2077 359 2148 picturis
376 2076 434 2130 illis
454 2075 617 2131 similitudo.

312 2147 427 2203 Similes
453 2147 541 2230 igitur
565 2149 631 2201 sunt
656 2147 685 2201 in
710 2147 831 2201 ecclesia
857 2147 933 2200 etin
958 2152 1019 2202 arte
1039 2147 1188 2202 Scotorum
1207 2148 1357 2203 varietates

239 2224 408 2290 temporum,
428 2219 602 2287 quinetiam
621 2235 711 2287 paene
731 2218 855 2271 eaedem.
888 2217 961 2272 Nam
981 2218 1054 2274 siout
1066 2219 1096 2272 in
1108 2218 1355 2286 Nordanhymbria

239 2290 362 2346 ecclesia
375 2287 524 2344 Scotorum
537 2287 695 2342 Romanam
708 2288 916 2343 necessitudine
929 2290 1034 2360 attigit,
1056 2291 1096 2344 ita
1109 2291 1138 2344 in
1152 2291 1253 2345 eadem
1266 2289 1357 2345 Nord-

237 2360 405 2431 anhymbria
416 2356 576 2414 Romanum
595 2359 732 2430 pingendi
749 2376 838 2428 genus
858 2379 921 2414 cum
935 2359 1049 2414 Scotico
1064 2366 1107 2415 est
1119 2361 1274 2427 confusum,
1293 2380 1359 2416 nam

237 2435 323 2498 liber,
348 2433 396 2502 qui
420 2430 526 2485 dicitur
545 2429 715 2484 Ouihberthi
740 2430 786 2485 vel
805 2429 849 2484 ibe
868 2431 979 2501 Gospcle
996 2431 1030 2500 of
1046 2432 1228 2501 Iriudr'eforuc
1245 2434 1357 2488 litteras

136 2561 138 2566 .
237 2505 360 2577 grandes
379 2502 498 2571 praebet
516 2501 667 2556 Scotorum
686 2500 828 2555 scribendi
847 2502 957 2557 ratione
976 2504 1081 2572 pictas,
1106 2504 1244 2575 imagines
1264 2508 1359 2559 autem

238 2575 488 2658 evangelistarum,
519 2589 591 2642 quae
614 2573 748 2638 doceant,
778 2573 896 2628 librario
923 2591 987 2628 oum
1013 2573 1148 2630 Romanis
1174 2575 1260 2630 fuisse
1283 2594 1359 2631 com·

237 2643 468 2715 merciumlPal.
487 2643 551 2698 Soc.
571 2644 629 2698 tab.
650 2645 680 2710 3;
700 2643 867 2700 Westwood
885 2645 942 2699 tab.
962 2646 1020 2715 40).

308 2715 353 2777 Ex
366 2716 419 2770 hac
434 2732 501 2786 ergo
514 2716 583 2770 a1tis
594 2713 768 2770 Hibernicae
781 2716 901 2771 historia
915 2720 944 2770 et
955 2720 1056 2770 natura
1069 2716 1192 2771 fructum
1205 2719 1358 2787 capiamus.

236 2787 410 2844 Illoruerunt
433 2785 512 2842 Scoti
537 2791 598 2841 arte
623 2804 672 2840 sua
695 2790 811 2854 praeter
835 2787 938 2842 multas
962 2787 1031 2842 alias
1055 2791 1168 2859 gentes,
1195 2807 1267 2858 quae
1287 2791 1357 2846 artis

235 2877 349 2931 prorsus
363 2860 447 2913 rudes
460 2862 550 2925 erant,
565 2857 722 2917 floruerunt
735 2858 822 2912 etiam
834 2858 909 2912 bona
919 2859 1056 2914 ecclesiae
1067 2859 1233 2915 condicione
1241 2865 1357 2930 praeter
1404 2884 1407 2893 ¹

237 2936 348 2986 ceteros
367 2947 420 3000 per
437 2931 554 3002 longum
572 2934 692 2998 tempus.
730 2927 920 2984 Nihilosecius
939 2934 1071 3000 utraque,
1092 2935 1121 2984 et
1140 2948 1185 2985 ars
1204 2931 1357 2999 Scotorum

237 3008 267 3057 et
285 3001 414 3067 ecclesia,
434 3002 477 3055 nil
495 3001 552 3055 nisi
570 3000 657 3054 medii
676 3001 739 3054 aevi
758 3004 888 3068 tempora
906 3002 1025 3056 redolet
1058 3000 1141 3072 Quod
1154 3002 1178 3056 si
1189 3019 1356 3075 negaremus

237 3073 421 3138 deecclesia,
441 3072 572 3126 similiter
591 3088 747 3125 erraremus
767 3077 851 3140 utque
870 3071 905 3126 de
924 3077 986 3126 arte
1006 3073 1112 3128 erravit
1126 3072 1260 3129 Giraldus
1274 3074 1355 3129 Cam·

235 3141 345 3199 brensis
361 3144 395 3213 (Δ)
408 3160 449 3199 oa.
464 3142 556 3224 1200),
571 3159 635 3196 oum
648 3142 683 3196 de
700 3142 785 3210 pictis
799 3143 904 3197 oodicis
918 3145 1064 3213 cujusdam
1077 3143 1226 3199 Hibernioi
1239 3145 1356 3202 tabulis:

236 3212 314 3270 Haeo
322 3212 453 3284 quiden,
461 3212 555 3283 inqurt
564 3210 777 3284 (Topographia
786 3211 953 3270 Hiberniae.
972 3213 1135 3272 Franlrfurt.
1150 3215 1228 3272 1608.
1241 3236 1268 3287 p.
1279 3216 1355 3286 730),

235 3288 336 3354 quanto
356 3282 528 3354 frequentius
551 3287 577 3338 ct
601 3284 756 3357 ddipcctiue
782 3285 890 3339 intucor
911 3302 1014 3355 semper
1037 3287 1116 3356 quasi
1138 3287 1215 3342 cocis
1233 3288 1357 3371 obstupeo

232 3372 387 3425 ,semperque
413 3355 502 3426 moute
526 3358 606 3425 atquc
630 3356 719 3427 magle
743 3356 908 3412 admiranda
930 3357 1075 3426 cmmpicio,
1103 3375 1152 3413 acc
1173 3358 1277 3428 Apelles
1299 3375 1356 3428 mee

233 3426 470 3553 ἕέκεᾱέαιείήοονε
493 3429 597 3497 posset,
626 3430 652 3482 et
677 3444 763 3483 mauu
788 3445 844 3484 coa
867 3426 978 3484 mortali
1001 3426 1157 3496 efformatae
1180 3445 1213 3484 cc
1237 3429 1355 3499 ἀφίοιαε

293 3515 397 3553 accur.
