3024 4920
561 214 797 274 1-89—

220 389 290 469 Ipse
313 391 451 450 Aliridus
477 411 542 464 rex,
567 391 700 450 wilfridi
726 391 874 461 inimicus,
905 388 1050 448 nescimus
1081 408 1139 466 quo
1167 409 1246 448 anno

131 479 241 556 (Sirene
264 480 312 553 H,
335 501 364 558 p.
392 482 467 540 171:
493 481 570 552 6883
601 479 653 538 alii
677 481 764 557 703),
787 479 965 539 Adamuano
996 479 1098 538 abbati
1127 477 1246 538 Hiieasi

129 569 290 648 persuasit,
321 576 356 628 ut
386 569 503 645 abjecto
533 590 586 627 suo
617 569 785 628 celebrandi
813 570 883 628 festi
904 568 1052 646 paschalis
1074 587 1155 626 more
1179 587 1246 626 oum

128 658 273 718 Romanis
296 658 468 718 societatem
490 658 582 718 iniret
604 657 700 734 (Beda
722 658 751 717 h.
775 678 799 716 e.
824 658 852 730 5,
878 658 929 729 15,
951 659 969 735 ἓ
993 657 1079 733 402).

217 748 357 807 dionante
378 767 450 806 vero
465 745 644 806 Adamnano
667 747 795 825 plurima
817 767 887 824 pars
907 745 1064 806 Scotorum
1086 745 1118 803 in
1134 745 1243 803 Hiber·

128 836 178 894 nia
201 835 427 914 septentrionali
448 833 499 916 (de
514 836 696 896 australibus
711 837 770 895 vid.
786 856 876 913 supra
890 856 920 913 p.
938 836 992 911 71)
1014 833 1245 894 ecclesiasticum

127 925 275 1003 paschalis
297 925 502 986 observantiae
524 931 642 1003 tempus
664 924 794 1004 suscepit
809 924 905 1001 (Beda
920 924 948 981 11.
965 944 989 982 1.
1007 923 1034 995 5,
1053 923 1102 996 15,
1123 925 1140 1000 ξ
1157 922 1245 1000 402),

128 1013 234 1073 deiude
264 1034 341 1072 anno
372 1016 435 1072 710
466 1014 615 1074 consecuti
645 1020 715 1073 sunt
743 1013 823 1072 Picti
853 1013 950 1090 (11.1.
979 1013 1007 1085 5,
1037 1013 1087 1083 21,
1115 1013 1132 1090 ξ
1156 1013 1244 1088 427),

128 1103 256 1180 denique
279 1123 356 1162 anno
374 1106 436 1163 716
462 1105 510 1180 (cf.
534 1102 574 1161 H.
598 1102 657 1163 and
680 1101 725 1162 St.
740 1102 783 1176 H,
802 1103 829 1176 1,
852 1124 883 1180 p.
901 1101 963 1161 115
986 1107 1047 1160 not.
1063 1103 1093 1177 a)
1116 1100 1245 1159 maxima

128 1211 198 1270 pars
220 1193 429 1251 monachorum
452 1191 635 1265 Hiiensium,
663 1212 789 1268 quorum
811 1191 886 1250 nulli
909 1190 966 1250 nisi
988 1190 1130 1269 perpauci
1152 1189 1243 1248 schis-

127 1287 207 1340 mate
237 1287 303 1340 orto
333 1281 364 1339 in
393 1281 459 1359 ipso
489 1280 667 1340 monasterio
698 1279 807 1357 (Skeue
830 1278 873 1354 ΙΙ,
904 1301 933 1358 p.
961 1280 1036 1355 175)
1062 1283 1125 1356 jam
1154 1285 1244 1338 antea

126 1369 338 1429 Adamnanum
366 1371 505 1430 abbatem
532 1369 625 1429 secuti
653 1376 739 1429 erant
767 1370 864 1446 (Beda
885 1370 913 1428 h.
937 1391 961 1428 e.
986 1368 1014 1441 5,
1039 1370 1091 1440 22,
1114 1369 1131 1446 ξ
1156 1366 1243 1444 445).

215 1458 323 1534 Itaque
339 1459 555 1536 quinquaginta
571 1459 656 1518 annis
671 1466 740 1536 post
755 1460 898 1536 synodum
914 1454 1242 1517 Sirenaeshalchensem

125 1552 191 1606 tota
206 1545 364 1606 Britannia
380 1554 411 1608 et
425 1547 559 1607 Albania
575 1556 604 1606 et
620 1548 768 1606 Hibernia
783 1548 913 1624 exceptis
928 1546 1087 1605 Britonum
1107 1546 1243 1624 plurimis

126 1636 197 1712 (vid.
210 1656 299 1714 supra
311 1658 339 1713 p.
353 1638 411 1714 28)
427 1658 493 1696 cum
508 1637 652 1696 Romanis
663 1637 696 1694 in
706 1636 795 1696 unius
810 1635 949 1695 ecclesiae
962 1635 1124 1694 catholicae
1136 1653 1243 1712 corpus

126 1725 341 1801 quodammodo
365 1727 544 1797 coaluerunt,
569 1725 677 1800 —qui
697 1725 914 1784 controversiae
934 1732 1058 1785 eventus
1080 1725 1158 1782 solus
1178 1726 1241 1798 jam

125 1813 210 1872 testis
227 1820 279 1886 est,
303 1813 439 1873 ecclesias
454 1813 656 1872 Romanorum
672 1821 703 1874 et
718 1813 875 1874 Scotorum
890 1814 949 1872 nisi
964 1812 1153 1872 observantia
1173 1811 1242 1871 festi

125 1900 272 1978 paschalis
294 1908 325 1960 et
347 1908 469 1961 tonsura
493 1909 523 1962 et
545 1902 611 1962 aliis
633 1903 792 1962 levioribus
815 1903 947 1963 diversas
969 1922 1029 1961 non
1052 1902 1151 1960 fuisse.

214 1989 319 2066 Neque
341 1991 431 2049 ullius
454 1991 492 2048 ad
514 1996 646 2050 nostram
673 2010 736 2049 rem
758 1991 899 2050 momenti
922 1996 979 2064 est,
1005 1990 1085 2067 quod
1106 1989 1241 2048 nonnulli

125 2078 333 2137 monachorum
348 2079 516 2138 Hiiensium
532 2079 709 2138 etiamtunc
728 2079 901 2139 concordiae
923 2079 967 2138 ita
989 2084 1241 2156 repugnaverunt,

124 2172 158 2225 ut
185 2186 263 2225 anno
289 2169 351 2225 718
372 2166 495 2248 facidia
518 2166 552 2226 Ie
574 2169 593 2226 i.
617 2189 641 2227 1.
670 2169 814 2242 monachi,
843 2169 950 2245 quibus
977 2189 1042 2227 cum
1065 2167 1240 2227 Hiiensibus

124 2254 290 2315 arctissima
313 2263 379 2316 erat
394 2258 584 2330 consuetudo,
608 2257 678 2334 quia
692 2279 795 2336 pacem
810 2258 992 2336 respuebant
1014 2265 1095 2316 iratae
1118 2257 1240 2317 dorsum

122 2339 300 2405 Britanniae
322 2346 341 2403 i.
369 2367 393 2404 e.
423 2367 459 2404 ex
487 2367 580 2423 reguo
612 2366 664 2405 suo
696 2347 917 2424 expellerentur
946 2367 964 2405 a
991 2347 1137 2419 Nectano,
1168 2365 1240 2421 rege

122 2431 290 2506 Pictorum,
322 2441 351 2493 et
381 2442 416 2495 ut
446 2435 485 2493 ad
519 2435 721 2513 accipiendam
757 2443 909 2495 tonsuram
943 2455 1069 2495 coronae
1105 2433 1241 2493 nonnulli

122 2520 291 2580 Hiiensium
315 2557 358 2568 —
381 2523 525 2600 siquidem
548 2524 622 2583 fides
644 2523 781 2584 habenda
807 2531 853 2584 est
878 2525 1091 2602 posterioribus
1115 2523 1239 2600 scripto·

122 2609 205 2669 ribus
228 2612 338 2685 (annal.
367 2611 488 2690 Tigern.
511 2612 551 2670 H.
579 2612 638 2670 and
661 2610 706 2671 St.
729 2612 777 2686 ΙΙ,
803 2615 831 2686 1,
854 2634 883 2690 p.
911 2614 985 2686 114,
1014 2614 1049 2672 ci.
1074 2611 1172 2672 Skeue
1195 2611 1239 2684 II,
1306 2658 1307 2661 .

121 2718 150 2775 p.
174 2700 239 2757 278
269 2700 329 2778 sq.)
360 2735 403 2746 —
433 2700 591 2761 videantur
621 2721 683 2761 esse
721 2702 752 2761 vi
781 2703 882 2763 coacti.
933 2702 1042 2762 Mirum
1072 2703 1151 2761 enim
1180 2721 1240 2759 non

123 2794 180 2860 est,
212 2788 292 2865 quod
321 2789 461 2849 Hiienses
490 2790 693 2849 Romanorum
723 2790 849 2850 studiosi
878 2811 939 2849 non
966 2797 1065 2863 erant,
1096 2810 1164 2848 nam
1186 2790 1239 2848 ubi

121 2878 289 2954 augebatur
302 2877 507 2938 Romanorum
523 2879 692 2951 auctoritas,
709 2880 818 2938 ibidem
834 2880 1015 2938 labefactata
1030 2886 1121 2956 atque
1143 2880 1240 2938 fracta

123 2972 168 3025 est
183 2966 361 3024 Hiiensium.
393 2967 506 3025 Tamen
528 2967 560 3025 in
582 2967 732 3026 nonnullis
752 2967 917 3026 Hiberniae
940 2967 1126 3028 monasteriis
1149 2967 1240 3027 etiam

121 3059 227 3131 postea
238 3074 292 3132 per
304 3075 397 3113 annos
409 3055 470 3112 fere
490 3055 551 3114 150
567 3054 770 3134 principatum
786 3056 933 3134 quendam
948 3058 1099 3130 tenebant,
1111 3059 1163 3117 sed
1179 3077 1239 3116 uon

124 3142 222 3215 talem,
246 3143 364 3218 qualem
387 3149 476 3203 autea
500 3144 552 3220 (H.
568 3144 628 3202 and
643 3142 688 3204 St.
704 3145 747 3218 H,
767 3147 793 3219 l,
809 3167 839 3224 p.
858 3147 1058 3223 116-118);
1082 3146 1179 3207 Skene
1195 3145 1239 3219 ΙΙ,

120 3251 149 3308 p.
160 3232 319 3308 2781111),
332 3252 347 3290 e
370 3232 421 3293 vix
429 3253 503 3310 opus
515 3239 560 3292 est
572 3252 807 3307 commemorare,
820 3235 900 3311 quod
911 3236 991 3295 inter
1001 3256 1101 3295 omnes
1114 3243 1239 3308 constat,

121 3320 240 3379 omnino
254 3320 458 3380 Romanorum
473 3322 505 3380 in
520 3321 668 3382 Hibernia
683 3329 713 3382 et
729 3323 860 3382 Albania
875 3324 1075 3402 principatum
1091 3344 1184 3401 usque
1200 3324 1239 3382 ad

121 3409 231 3468 saeculi
254 3408 420 3469 duodecimi
442 3417 578 3489 tempora
600 3411 632 3469 vi
660 3418 750 3487 atque
778 3411 909 3471 efficacia
935 3433 1077 3492 persaepe
1101 3412 1238 3472 caruisse.

210 3497 269 3557 Sed
293 3519 358 3558 cum
381 3520 479 3558 meum
508 3521 569 3560 esse
597 3519 657 3559 non
685 3501 853 3578 putaverim
880 3503 960 3561 ultra
986 3521 1096 3560 annum
1120 3501 1240 3562 circiter

125 3585 185 3643 731
212 3585 365 3646 historiam
389 3589 537 3666 prosequi,
560 3608 719 3667 pergamus
742 3590 781 3648 ad
800 3610 847 3662 aa,
871 3611 946 3668 quae
968 3596 1091 3650 restant.
1122 3592 1239 3667 Itaque,

122 3681 157 3734 ut
185 3675 360 3752 expleantur
388 3683 418 3736 et
445 3678 668 3752 confirmentur,
698 3699 773 3756 quae
796 3699 886 3757 supra
910 3680 1138 3758 disputavimus,
1162 3680 1239 3739 sicut

121 3763 306 3840 propositum
333 3770 385 3838 est,

122 3990 164 4058 de
188 3987 305 4058 Sectis
329 3992 525 4061 Hiberniae
547 3996 586 4060 in
609 3995 829 4063 continentis
845 3995 958 4064 terris
973 3997 1237 4080 peregrinanti-

166 4080 251 4160 bus,
281 4080 323 4147 ie
343 4079 514 4149 Columba
535 4083 754 4151 luxoviensi
778 4085 815 4151 et
838 4084 880 4151 de
904 4082 981 4169 eJ'us
1004 4085 1194 4169 discipulis

123 4207 251 4286 denique
274 4207 359 4267 nobis
376 4208 577 4268 disserendum
593 4217 645 4270 est.
676 4212 752 4273 Nam
769 4232 833 4271 cum
853 4212 1075 4290 peregrinantes
1092 4236 1107 4274 e
1122 4215 1238 4292 patriae

122 4314 192 4355 suae
215 4296 247 4354 in
270 4297 410 4358 extremis
438 4297 518 4358 orbis
545 4306 693 4359 terrarum
720 4301 828 4361 finibus
855 4302 970 4380 positae
997 4303 1178 4363 umbraculis
1205 4304 1237 4363 in
