3024 4920
554 242 794 303 -113-

204 420 270 479 Tali
302 421 388 480 modo
422 421 513 481 etiam
545 420 589 494 id,
630 419 710 498 quod
742 419 904 479 Columbae
932 423 964 480 et
984 415 1139 479 ¹sociorum
1169 423 1233 497 ejus

109 510 239 570 maxime
262 510 415 589 proprium
439 516 517 583 erat,
539 508 698 568 memoriae
721 513 889 587 exemptum
912 512 964 569 est.
1010 508 1090 584 Quid
1112 507 1232 569 tandem

114 599 254 658 memoria
285 598 465 659 custoditum
501 598 567 658 est?
605 596 657 674 An
691 597 783 657 nulla
806 597 1020 677 posterioribus
1049 599 1233 677 temporibus

106 694 272 747 occurrunt
295 687 422 765 vestigia
445 685 628 747 Columbae?
651 687 754 759 Nulla,
779 706 854 764 quae
877 706 1068 764 cognosceres
1090 704 1232 766 pressas

107 777 263 855 peregrini
285 777 369 855 pede.
399 777 476 836 Nam
499 776 627 836 vidimus
650 776 752 849 multa,
776 795 852 854 quae
875 774 1036 835 Columbae
1059 781 1091 835 et
1113 777 1231 836 omnino

113 864 270 925 Scotorum
297 866 420 944 propria
447 866 538 925 fuisse
565 866 717 938 dicuntur,
748 872 801 924 aut
830 883 890 923 non
920 864 1048 924 inveniri
1075 865 1156 944 apud
1183 885 1233 924 eos

106 960 166 1012 aut
188 955 310 1035 propria
333 975 434 1016 eorum
458 955 576 1013 minime
599 955 702 1027 fuisse,
733 953 874 1013 nonnulla
904 953 976 1027 alia,
1008 973 1083 1031 quae
1110 955 1232 1033 propria.

109 1044 245 1117 fuerunt,
280 1050 394 1104 mutato
424 1045 504 1103 coelo
529 1049 559 1102 et
581 1043 703 1102 mutatis
724 1042 908 1121 temporibus
931 1042 1038 1103 sensim
1062 1052 1131 1106 esse'
1148 1062 1232 1103 exae-
1295 1074 1298 1078 ·

107 1139 213 1210 quate.
251 1132 338 1192 Licet
361 1154 431 1210 ergo
455 1132 583 1191 maxima
605 1133 696 1192 fuerit
719 1131 880 1192 Columbae
904 1131 983 1210 apud
1007 1129 1110 1192 Gallos
1133 1138 1232 1192 aucto·

111 1221 200 1294 ritas,
230 1221 300 1281 licet
330 1221 588 1294 monasteriorum,
619 1220 815 1298 quibuscum
839 1219 985 1279 Golumba
1007 1225 1038 1280 et
1060 1221 1146 1280 sociis
1169 1223 1233 1296 ejus
1323 1295 1324 1299 Ἰ

110 1311 296 1371 necessitudo
313 1318 386 1384 erat,
409 1310 547 1388 discipuli
570 1309 740 1369 creberrimi
764 1308 950 1368 ascenderint
972 1309 1003 1368 in
1027 1309 1233 1389 episcoporum

110 1399 246 1476 gradum,
264 1435 306 1444 —
322 1399 510 1458 nihilosecius
533 1400 609 1458 hanc
633 1400 670 1458 ob
695 1419 757 1458 rem
782 1397 938 1457 Gallorum
961 1398 1083 1458 ecclesia
1106 1399 1145 1458 ab
1167 1399 1232 1457 uni·

112 1495 176 1547 tate
200 1489 345 1547 catholica
368 1509 519 1567 nunquam
542 1488 679 1547 discessit
707 1523 748 1533 -
776 1487 884 1546 nedum
912 1487 1072 1546 absurdum
1100 1508 1160 1546 non
1188 1495 1233 1549 est

106 1576 261 1636 affirmare
285 1578 424 1652 (Ebrard,
447 1600 476 1657 p.
502 1579 579 1654 322)
602 1577 730 1636 insulam
752 1577 862 1636 Jonam
886 1575 995 1635 saeculi
1017 1576 1136 1656 septimi
1158 1583 1231 1638 tem·

106 1666 233 1743 poribus
261 1667 462 1745 principatum
491 1665 638 1741 quendam
667 1665 831 1725 obtinuisse
858 1664 890 1723 in
919 1665 1040 1725 ecclesia
1069 1663 1232 1725 Gallorum.

109 1755 202 1827 Nem,
226 1762 261 1814 ut
284 1755 433 1828 omittam,
458 1755 538 1831 quod
560 1754 683 1814 dubium
706 1760 768 1828 est,
795 1773 893 1813 annon
917 1753 1101 1826 Columbae,
1123 1755 1232 1832 quippe

108 1843 254 1900 monacho
285 1843 500 1916 Benchorensi,
536 1843 677 1920 quamdiu
711 1843 743 1901 in
777 1842 924 1902 Hibernia
959 1848 1036 1916 erat,
1070 1843 1131 1901 ulla
1167 1862 1232 1902 cum

112 1929 287 1990 Hiiensibus
310 1932 494 1991 necessitudo
517 1931 608 1991 fuerit
624 1933 672 2008 (cf.
689 1951 779 2009 snpra
794 1951 823 2009 p.
840 1931 904 2007 55),
920 1965 963 1975 -
980 1930 1117 1990 ecclesiae
1137 1929 1231 1990 Galli·

105 2038 203 2077 canae
226 2040 273 2078 res
297 2019 442 2080 Columba
464 2021 522 2079 nisi
544 2020 716 2079 circuitione
740 2020 868 2095 quadam
891 2039 951 2078 non
974 2019 1097 2092 curavit,
1122 2020 1194 2096 quia·
1215 2041 1232 2080 a

113 2107 269 2167 mundanis
292 2109 420 2185 negotiis
443 2109 518 2168 adeo
537 2109 738 2182 abhorrebat,
768 2114 803 2167 ut
829 2128 866 2167 ne
894 2107 1006 2185 synodo
1033 2108 1152 2186 quidem
1179 2129 1232 2169 sua

108 2195 206 2274 ipsius
230 2217 318 2257 causa
341 2203 539 2277 congregatae
561 2199 704 2259 interesse
727 2197 817 2258 vellet
840 2198 888 2274 (cf.
904 2217 994 2276 supra
1016 2218 1046 2276 p.
1064 2199 1127 2275 92).
1173 2197 1232 2258 Sed

112 2292 143 2344 et
170 2285 314 2346 Golumba
347 2293 378 2346 et
407 2287 479 2347 socii
510 2291 574 2364 ejus
603 2287 635 2346 in
664 2286 788 2347 desertis
819 2287 969 2360 sedentes,
1004 2286 1078 2345 nulli
1106 2288 1232 2361 molesti,

106 2394 179 2432 -cum
209 2377 358 2435 seniorum
382 2397 500 2435 suerum
531 2377 642 2455 regulis
664 2376 825 2436 manebant
852 2396 947 2452 neque
975 2375 1114 2435 ecclesiae
1138 2373 1232 2435 Galli-

108 2483 203 2522 canae
225 2465 317 2523 ullam
340 2465 485 2524 rationem
507 2466 671 2538 habebant,
706 2465 765 2525 nisi
792 2465 849 2537 ita,
882 2469 917 2522 ut
945 2483 1006 2536 eos,
1042 2463 1093 2540 qui
1121 2465 1231 2537 eadem,

105 2571 171 2628 qua
193 2552 265 2630 ipsi,
288 2552 391 2612 mundi
414 2560 444 2612 et
465 2553 546 2612 vitae
569 2554 706 2613 satietate
730 2552 823 2629 capti,
847 2551 941 2612 veluti
963 2552 1078 2629 aegroti
1099 2552 1131 2611 in
1153 2554 1231 2612 vale·

111 2641 275 2715 tudinaris,
306 2641 337 2700 in
365 2641 544 2702 monasteria
572 2662 673 2701 eorum
696 2640 920 2719 confugiebant,
951 2641 1173 2701 consolarentur
1201 2649 1231 2702 et

108 2750 166 2808 per
189 2750 239 2790 eos
262 2730 400 2791 ecclesiae
424 2751 519 2790 mores
542 2731 585 2790 ita
608 2731 764 2790 emendare
787 2729 953 2803 studerent,
972 2735 1019 2789 'ut
1050 2750 1138 2806 quam
1165 2732 1229 2809 plu·

111 2819 200 2879 rimos
224 2820 378 2880 advitam
402 2821 602 2879 monachicam
625 2820 798 2891 incitarent,
826 2819 930 2878 saltem
953 2817 1170 2878 commoverent
1193 2821 1230 2879 ad

105 2908 330 2987 despiciendam
352 2909 429 2968 hanc
451 2909 556 2981 vitam,
585 2909 621 2967 de
644 2928 704 2984 qua
726 2907 870 2966 Golumba
891 2925 950 2964 coc
973 2904 1032 2965 crite
1054 2924 1095 2977 es,
1124 2907 1231 2984 inquit,

105 2995 164 3053 sed
186 2995 234 3054 via
257 2997 354 3070 (instr.
379 2997 407 3068 5,
430 2996 509 3055 Bibl.
533 3016 608 3056 max.
631 2996 707 3068 XII,
730 3014 759 3075 p.
786 2997 847 3073 13).

201 3083 346 3142 Attamen
370 3083 527 3158 Columba,
551 3106 616 3144 cum
640 3093 716 3145 esset
738 3084 786 3144 vir
808 3092 956 3158 strenuus,
980 3083 1095 3144 sincera
1117 3084 1230 3164 pietate

108 3177 144 3232 et
171 3173 329 3231 sanctitate
357 3173 495 3247 eximius,
526 3181 556 3234 et
585 3195 649 3233 cum
677 3174 826 3252 permulta
857 3193 891 3232 eo
922 3178 1042 3232 auctore
1072 3174 1104 3232 in
1132 3172 1229 3234 Gallia

105 3261 364 3321 constituerentur
386 3263 577 3336 monasteria,
605 3263 763 3321 maximam
786 3263 817 3320 in
841 3261 964 3321 ecclesia
987 3260 1140 3320 Gallorum
1164 3283 1229 3322 con-

104 3357 229 3411 zs'ecutus
257 3358 302 3411 est
326 3351 542 3410 auctoritatem.
588 3351 655 3410 Hoc
684 3352 782 3429 ipsum
809 3350 997 3409 manifestum
1025 3357 1070 3409 est
1098 3371 1135 3408 ex
1163 3371 1229 3410 con·

110 3440 216 3499 fitendi
248 3441 364 3500 ratione
399 3439 507 3501 sensim
545 3440 758 3519 paullatimque
794 3439 982 3499 commutata.
1040 3437 1229 3517 Singulorum

104 3529 190 3587 enim
216 3537 405 3607 peccatorum
433 3530 577 3590 confessio
604 3534 708 3609 postea
735 3528 766 3586 in
794 3529 950 3588 universae
978 3528 1117 3587 ecclesiae
1143 3548 1229 3589 usum
1343 3546 1348 3553 ’

110 3625 239 3697 recepta,
272 3619 438 3696 antiquitus
460 3619 492 3678 in
515 3617 638 3678 ecclesia
661 3619 749 3677 moris
772 3639 832 3676 non
855 3623 931 3689 erat3
955 3616 1107 3694 'neglectis
1130 3619 1229 3696 potius

111 3706 272 3766 levioribus
300 3707 444 3785 peccetis,
480 3708 574 3768 solum
604 3728 640 3766 ea
670 3708 794 3767 curabat
824 3707 959 3779 ecclesia,
987 3727 1063 3783 quae
1093 3708 1229 3784 publicae

71 3795 73 3800 ’
104 3793 266 3855 offensioni
288 3802 383 3855 erant.
419 3795 509 3856 Alius
532 3803 597 3857 erat
620 3796 760 3856 ecclesiae
784 3794 938 3856 Scotorum
962 3815 1033 3854 mos.
1078 3795 1128 3854 Ibi
1151 3795 1229 3854 enim

107 3897 174 3943 snos
198 3885 358 3946 confitendi
385 3884 504 3963 singula
531 3889 653 3964 peccata
684 3905 743 3944 non
773 3885 867 3945 solum
897 3884 1024 3944 usitatus
1055 3892 1119 3942 erat
1149 3883 1229 3962 apud

108 3975 269 4033 monachos
292 3973 369 4051 (001.
391 3993 453 4053 reg.
477 3993 558 4033 coen.
581 3994 605 4034 c.
632 3973 761 4033 1.Bibl.
784 3994 861 4033 max.
880 3975 929 4045 12,
952 3995 981 4053 p.
999 3975 1031 4048 6)
1054 3973 1229 4046 sedetiam,

107 4067 145 4123 ut
167 4083 259 4143 supra
281 4064 323 4142 (p.
348 4062 402 4140 65)
429 4065 492 4141 jam
521 4063 648 4124 vidimus
676 4067 707 4122 et
728 4067 763 4123 ut
786 4082 961 4141 cognoscere
989 4061 1060 4120 licet
1086 4082 1123 4119 ex
1144 4062 1229 4121 libris

25 4230 29 4237 Ι
106 4151 373 4230 poenitentialibus
397 4151 541 4213 Vinniani
564 4159 595 4212 et
618 4151 793 4224 Columbae,
823 4151 855 4210 in
878 4150 1017 4211 ecclesiae
1040 4170 1125 4209 usum
1147 4153 1227 4210 tran·

111 4241 209 4301 sierat.
256 4241 315 4316 Qui
342 4239 499 4301 Scotorum
526 4261 589 4302 mos
616 4242 762 4318 quomodo
789 4239 821 4298 in
847 4239 984 4300 universa
1011 4240 1134 4298 ecclesia
1162 4258 1227 4318 per-

104 4330 274 4405 crebuerit,
305 4330 516 4408 quaerentibus
546 4350 607 4390 non
628 4330 733 4389 dubito
757 4349 823 4389 cum
845 4327 1011 4407 Loeningio
1041 4328 1231 4407 respondere,

997 4430 1014 4486 8
