3024 4920
576 225 905 314 -71-4

129 447 195 495 oum
223 456 270 506 ea,
303 455 361 510 qua
384 431 467 492 Secti
491 433 669 507 utebantur,
698 434 888 511 computandi
912 435 981 494 festi
1003 435 1150 512 paschalis
1173 437 1253 496 ratio

129 525 231 584 eadem
254 524 354 595 fuerit,
379 542 455 599 quae
474 522 633 581 Britonum
657 554 701 566 -
725 524 804 598 quod
828 524 960 601 profecto
985 524 1091 582 mirum
1114 545 1173 583 non
1197 532 1250 598 est,

127 614 183 672 etsi
206 611 340 671 Patricio
372 632 437 669 eum
460 611 604 670 Romanis
634 611 819 671 necessitudo
850 612 920 685 fuit,
951 633 1020 671 nam
1050 614 1152 671 eadem
1180 619 1253 673 tuno

125 701 257 760 Romani
278 702 441 760 utebantur
464 701 533 759 festi
555 701 703 779 paschalis
723 700 953 778 computatione,
976 721 1036 776 qua
1050 703 1191 762 Britones
1211 737 1249 746 -

73 840 75 844 .
128 792 166 849 ad
190 811 233 863 ea,
258 810 333 865 quae
350 810 440 867 supra
460 792 500 867 (p.
521 791 559 847 19
577 793 655 867 sqq.)
672 790 806 863 disserui,
831 793 957 849 lectores
972 790 1107 867 delegare
1123 811 1253 868 possum.

129 881 232 956 Neque
256 879 358 950 habeo,
384 879 462 954 quod
486 879 522 936 de
545 885 668 939 tonsura
690 878 841 957 prioribus
865 881 905 957 (p.
923 881 962 937 21
982 881 1040 957 sq.)
1055 879 1171 939 addam.
1209 880 1252 939 Et

127 970 193 1047 ipsa
218 967 296 1026 enim
320 967 422 1026 eadem
446 973 511 1026 erat
534 969 614 1046 apud
638 968 751 1041 Scotos,
775 988 851 1044 quae
874 969 954 1046 apud
977 969 1117 1027 Britones
1137 1002 1181 1012 -
1196 970 1253 1027 hoe

128 1063 242 1116 certum
265 1062 318 1127 est,
341 1057 393 1114 sed
416 1061 516 1114 utrum
535 1059 599 1131 jam
621 1056 780 1130 Patricius,
803 1064 838 1116 ut
861 1065 962 1117 censet
982 1057 1145 1134 Gatalogus
1161 1057 1253 1116 Sanc·

127 1153 235 1215 torum,
259 1150 395 1204 attonsus
418 1146 508 1203 fuerit
531 1140 621 1222 idque
644 1153 768 1204 tonsura
790 1147 950 1205 Britonum
973 1152 1004 1206 et
1024 1145 1189 1219 Scotorum,
1213 1167 1252 1204 an
1333 1186 1337 1194 .

127 1234 285 1313 peculiaris
303 1235 355 1293 illa
371 1233 547 1292 tonsurandi
563 1234 640 1293 ratio
653 1235 869 1312 posterioribus
880 1235 1065 1313 temporibus
1078 1235 1196 1293 aliunde
1212 1267 1250 1278 -

128 1324 207 1382 hau'd
238 1323 327 1382 sciam
359 1343 397 1380 an
429 1343 465 1380 ex
488 1321 587 1381 Gallia
617 1344 677 1382 una
708 1344 773 1382 curn
804 1325 867 1384 vita
897 1325 1070 1383 monachica
1096 1359 1133 1367 —
1160 1329 1190 1381 et
1220 1323 1252 1380 in

127 1413 316 1472 Britanniam
333 1417 363 1470 et
378 1411 410 1469 in
422 1412 599 1471 Hiberniam
611 1414 790 1490 pervenerit,
806 1414 838 1471 in
850 1414 947 1472 medio
959 1413 1186 1489 relinquendum
1198 1420 1254 1471 est.

220 1501 304 1560 Haeo
334 1501 427 1577 igitur
454 1502 491 1559 de
514 1501 672 1574 Columba,
703 1503 740 1560 de
764 1506 847 1578 cujus
861 1518 997 1581 'persona
1021 1509 1051 1560 et
1074 1508 1174 1561 aetate
1197 1501 1255 1560 hac

49 1637 51 1640 ,
128 1596 247 1648 nostrae
278 1590 490 1668 disputationis
520 1596 607 1668 parte
636 1593 780 1650 disserere
809 1612 899 1670 supra
929 1591 1015 1650 nobis
1037 1591 1252 1669 proposuimus.

130 1677 188 1737 Sed
211 1678 383 1755 priusquam
407 1679 446 1737 ad
469 1685 641 1754 sequentem
657 1681 883 1758 progredientes
899 1686 1017 1757 partem
1032 1679 1255 1757 cognoscendae

61 1829 66 1843 .
129 1767 267 1826 ecclesiae
298 1767 614 1844 Nordanhymbrorum
651 1774 681 1827 ct
714 1776 839 1829 naturae
876 1777 906 1829 et
937 1769 1155 1828 controversiae
1185 1787 1252 1825 oum

128 1856 265 1914 Romana
281 1856 408 1914 ecclesia
421 1876 541 1933 operam
557 1857 667 1930 demus,
683 1858 786 1934 paucis
798 1879 899 1918 earum
910 1858 1077 1917 Hiberniae
1089 1857 1254 1932 regionum,

130 1963 206 2020 quae
228 1963 246 2001 a
270 1944 399 2001 dominio
423 1945 592 2003 Hiiensium
616 1946 728 2005 liberae
752 1955 849 2020 erant,
877 1948 1032 2009 historiam
1055 1946 1252 2004 absolvamus.

146 2054 149 2060 ·
220 2030 259 2088 In
282 2033 461 2092 australibus
485 2034 563 2091 enim
579 2034 744 2093 Hiberniae
767 2036 904 2113 partibus
926 2034 1027 2112 paullo
1051 2039 1121 2092 ante
1143 2051 1253 2091 annum

133 2121 196 2178 630
219 2120 350 2179 Romani
379 2122 455 2180 inito
486 2123 631 2181 nescimus
654 2125 800 2200 quomodo
824 2144 889 2183 cum
912 2122 1056 2182 Hibernis
1079 2120 1254 2181 commercio

130 2229 195 2267 cum
211 2208 270 2268 illis
287 2230 375 2286 agere
392 2219 562 2290 cooperunt,
583 2218 617 2271 ut
633 2214 750 2288 abjecto
766 2232 819 2278 suo
835 2213 1005 2272 celebrandi
1019 2211 1089 2270 festi
1105 2209 1254 2288 paschalis

129 2318 209 2356 more
239 2298 271 2356 in
299 2300 446 2359 unitatem
470 2301 610 2360 ecclesiae
632 2303 776 2362 redirent.
821 2301 910 2375 Quod
934 2301 990 2360 etsi
1012 2300 1099 2359 initio
1122 2299 1252 2357 Hiberni

129 2387 314 2460 recusabant,
338 2395 438 2448 tamen
458 2390 560 2467 paucis
580 2392 666 2450 annis
682 2397 758 2470 post,
782 2409 860 2451 anno
877 2393 951 2463 630,
974 2395 1008 2448 ut
1023 2389 1151 2460 videtur,
1175 2407 1253 2446 com·

129 2476 203 2536 moti
232 2476 326 2553 ipsius
349 2477 477 2537 Honorii
506 2498 603 2556 papae
631 2481 757 2558 epistula
785 2479 898 2557 synodo
921 2480 1126 2556 episcoporum
1149 2476 1254 2534 habita

129 2565 168 2623 ad
201 2563 346 2642 Campum
382 2567 481 2624 album
517 2567 743 2646 (Maghffhene)
778 2588 879 2628 omnes
912 2567 1052 2626 australis
1086 2565 1254 2625 Hiberniae

128 2653 243 2712 incolae
277 2655 386 2730 pascha
422 2656 563 2715 canonico
598 2658 660 2716 ritu
691 2659 850 2717 observare
884 2658 1054 2716 didicerunt
1083 2661 1114 2713 et
1144 2654 1255 2730 legatis

128 2741 255 2800 Romam
285 2743 382 2803 missis
412 2764 485 2822 pace
516 2765 582 2804 cum
609 2745 753 2806 Romanis
783 2747 864 2805 faeta
893 2746 1105 2806 intellexerunt
1134 2763 1165 2802 se
1195 2742 1254 2800 nisi

130 2834 302 2908 conjunctos
334 2853 400 2891 cum
433 2834 580 2912 episcopis
610 2834 754 2895 Romanis
784 2836 932 2894 unitatem
963 2833 1103 2891 eeclesiae
1134 2848 1255 2889 servare

129 2940 188 2978 non
211 2920 325 2998 posse.1

218 3008 303 3067 Haeo
334 3008 432 3067 omnia
456 3009 596 3068 Hiienses
624 3030 711 3088 aegre
734 3013 869 3072 tulerunt
891 3010 1048 3086 (Oumeani
1071 3029 1117 3086 ep.
1141 3030 1170 3086 p.
1195 3008 1254 3064 20:

129 3117 148 3154 a
170 3093 250 3155 cebro
272 3095 437 3177 impugnor,
460 3119 490 3175 p.
508 3099 562 3157 22:
588 3118 660 3159 onus
682 3109 723 3160 est
744 3098 823 3162 vobis
845 3098 924 3181 quod
946 3097 1024 3176 dico)
1048 3099 1109 3158 sive
1133 3096 1255 3156 omnino

130 3185 192 3244 sive
209 3185 288 3260 quod
310 3204 370 3244 una
393 3207 459 3244 oum
483 3187 549 3246 aliis
572 3190 711 3248 australis
725 3190 892 3249 Hiberniae
907 3188 1094 3248 monasteriis
1110 3193 1140 3245 et
1155 3187 1254 3264 ipsum

128 3274 366 3333 Dearmaohcnse
389 3276 461 3352 (vid.
482 3296 572 3354 supra
595 3296 624 3354 p.
642 3278 705 3354 54),
729 3282 813 3353 cujus
836 3279 929 3336 abbas
943 3277 1112 3336 Oumeanus
1134 3275 1256 3334 videtur

129 3363 232 3436 fuisse,
256 3364 294 3423 ad
317 3363 469 3423 Romanos
491 3366 668 3439 transierat3
692 3387 788 3443 neque
811 3366 869 3444 ipsi
892 3378 988 3442 neque
1011 3361 1254 3442 septentrionalis

129 3451 295 3511 Hiberniae
324 3453 455 3531 episcopi
484 3454 612 3531 epistula
638 3455 689 3514 illa
712 3456 859 3515 Johannis
882 3472 989 3533 papae,
1021 3453 1068 3521 de¹
1081 3473 1140 3528 qua
1162 3469 1253 3528 supra

130 3539 243 3598 dictum
269 3549 315 3601 est
337 3544 378 3620 (p.
404 3543 459 3620 58)
483 3545 622 3603 commoti
650 3552 732 3618 sunt,
762 3551 797 3604 ut
824 3545 997 3605 societatem
1019 3563 1086 3601 cum
1108 3539 1255 3599 Romanis

130 3627 248 3686 inirent.
286 3628 395 3706 Itaque
419 3652 495 3708 quae
518 3633 554 3690 de
570 3633 744 3694 Hiiensibus
765 3641 795 3693 et
811 3636 847 3692 de
863 3632 1010 3692 Hibernia
1026 3627 1253 3708 septentrionali

130 3716 257 3794 amplius
281 3718 406 3778 dicenda
429 3728 506 3794 sunt,
530 3722 562 3779 in
585 3724 777 3798 sequentibus
800 3723 905 3781 melius
929 3741 1017 3797 quam
1041 3722 1096 3779 hoc
1119 3721 1183 3777 loeo
1200 3718 1252 3775 ab⁴

203 3924 214 3955 ²
234 3924 372 3979 Nituntur
388 3927 458 3981 haec
472 3928 566 3982 omnia
579 3929 757 3984 et'Oumeani
770 3930 891 3998 epistula
904 3932 940 3983 ad
954 3929 1106 3998 Segenium
1119 3926 1252 3980 abbatem

130 3994 280 4049 Hiiensem
299 3997 461 4066 (623-652,
481 3997 519 4054 H.
539 3995 595 4054 end
608 3999 650 4055 st.
664 3999 704 4066 H,
725 4003 740 4054 1
760 4020 788 4070 p.
804 4003 877 4071 135),
898 4003 977 4071 quae'
990 4004 1082 4054 exstat
1099 4001 1129 4052 in
1143 3995 1252 4052 Usserii

129 4071 258 4121 veterum
269 4069 452 4137 epistolarum
462 4070 673 4124 hibernicarum
684 4073 802 4143 sylloge.
823 4072 904 4126 Paris
916 4066 993 4127 1665.
1014 4089 1058 4140 ep.
1070 4072 1102 4125 11
1113 4088 1140 4138 p.
1147 4069 1180 4124 17
1190 4084 1251 4135 sqq.

130 4144 159 4192 et
183 4138 280 4192 Bedae
304 4139 369 4194 hist.
390 4141 414 4206 2,
437 4143 470 4196 19
496 4143 512 4212 ξ
534 4142 586 4196 113
605 4160 664 4212 sqq.
689 4147 718 4196 et
741 4145 766 4208 3,
787 4145 803 4198 3
830 4144 845 4213 ξ
867 4146 926 4198 156.
965 4143 1015 4209 Et,
1027 4169 1030 4174 ·
1044 4160 1098 4211 quo
1122 4145 1253 4208 tempore

130 4209 206 4263 facta
225 4211 289 4274 sint,
311 4227 374 4264 cum
389 4211 586 4280 episcoporum
599 4213 792 4268 Romanorum
804 4215 918 4268 nomina
931 4213 1071 4268 definiunt
1084 4209 1251 4282 (cro-640)

129 4284 189 4333 tum
214 4281 368 4335 incertiora
393 4282 508 4351 quidem
532 4284 583 4337 illa
601 4285 651 4339 sed
671 4286 737 4339 satis
756 4287 831 4340 bona
849 4289 1016 4354 argumenta
1039 4302 1075 4339 ex
1094 4285 1164 4354 ipsis
1185 4283 1252 4337 festi

131 4351 274 4420 paschalis
295 4354 553 4422 computationibus
573 4355 721 4424 desumpta
739 4356 847 4425 (Sirene
866 4354 906 4423 Π,
926 4375 954 4425 p.
975 4356 1049 4427 161).
