3024 4920
656 199 878 253 -77-

206 376 327 436 tonibus
350 374 503 433 ordinatos
526 375 634 432 iterum
658 374 789 432 ordinari
809 374 907 450 jussit.
946 372 997 432 An
1020 375 1102 433 nulla
1125 376 1184 434 alia
1200 397 1232 434 re
1249 395 1326 434 com·

206 469 303 524 motus
326 471 379 536 est,
403 484 493 539 quam
516 463 595 538 quod
619 470 649 522 et
664 462 804 522 Britones
828 470 859 523 et
874 462 956 522 Scoti
976 462 1007 522 in
1019 460 1132 542 poscito
1147 462 1192 524 ccl
1207 473 1329 524 tonsura

206 549 340 611 catholici
361 572 419 612 non
441 560 524 611 nont
547 552 578 627 (l.
602 552 660 628 c.)?

292 641 420 719 Recepti
450 661 520 700 vero
553 640 584 697 in
614 660 768 698 numerum
798 641 1003 719 episcoporum
1035 647 1065 700 et
1096 643 1266 703 muneribus
1298 647 1328 704 et

205 730 353 807 dignitate
376 729 507 807 episcopi
531 727 685 787 Scotorum
708 728 852 788 Romanis
875 729 1017 788 simillimi
1041 736 1134 789 erant.
1172 733 1278 792 Nonne
1301 735 1326 793 si

204 819 284 899 apud
307 817 412 878 Scotos
435 819 639 896 episcoporum
663 820 769 876 munds
792 818 870 877 idem
892 818 1010 889 fuisset,
1038 824 1129 895 atque
1156 819 1229 892 ,dos
1252 822 1328 884 anea

203 905 328 967 Pastore
358 927 397 966 on
426 906 504 966 darn
531 906 778 987 neatpcprandctcn
803 901 961 968 Gemarcdc
991 904 1023 965 in
1049 906 1103 967 der
1124 905 1323 972 Hecataeone

204 997 345 1072 (Ebrard,
354 1018 383 1074 p.
399 997 474 1072 169)
487 996 574 1054 multi
589 997 621 1053 in
632 996 893 1071 Nordanhymbria
908 1002 1088 1074 apparerent
1100 998 1239 1076 episcopi,
1257 1002 1327 1078 quia

202 1093 361 1164 postquam
373 1083 515 1143 Aedanus
531 1086 562 1144 in
573 1085 602 1145 N
604 1085 823 1160 ordhymbriam
840 1085 930 1157 venit,
947 1081 1078 1144 ccclesiae
1089 1087 1329 1149 construebantur

196 1195 257 1254 pec
281 1171 345 1232 locu
367 1181 394 1234 ct
419 1172 641 1232 instituebantur
662 1181 777 1232 necnon
815 1172 820 1185 '
862 1174 958 1249 (Beda
983 1175 1011 1246 3,
1036 1174 1064 1247 3,
1088 1175 1105 1252 ξ
1132 1176 1228 1252 156)?
1267 1177 1326 1237 Sed

203 1265 285 1323 nulla
307 1269 373 1322 erat
395 1263 427 1320 in
449 1267 515 1321 tota
530 1262 791 1339 Nordanhymbria
813 1263 896 1322 sedes
921 1263 1096 1340 episcopalis
1119 1271 1239 1342 praeter
1253 1267 1325 1325 Lin-

203 1354 424 1413 disfarnensem.
469 1351 650 1425 Provinciis,
680 1372 739 1411 non
762 1352 887 1428 singulis
911 1353 1040 1411 ecclesiis
1063 1354 1226 1430 praefuisse
1250 1356 1325 1433 epis·

202 1463 291 1520 copos
307 1461 344 1499 ex
359 1461 393 1498 eo
410 1460 527 1517 quoque
542 1440 577 1499 fit
591 1441 789 1514 manifestum,
806 1441 886 1518 quod
901 1441 1043 1513 Finanus,
1064 1441 1325 1517 Lindisfarnensis,

203 1530 336 1589 Oeddum
365 1530 585 1607 presbyterum,
617 1550 703 1607 quem
735 1530 974 1606 praedicaturum
998 1529 1080 1589 misit
1103 1531 1134 1588 in
1158 1531 1327 1592 Orientales

202 1620 343 1691 Saxones,
367 1638 426 1677 non
446 1619 547 1678 statim
563 1619 734 1695 episcopum
751 1619 943 1690 consecravit,
967 1619 1097 1677 sedtum
1113 1619 1238 1694 demum,
1259 1642 1324 1679 cum

201 1710 231 1768 in
265 1713 355 1786 gente
386 1709 438 1766 illa
465 1703 607 1781 „multans
628 1702 761 1766 Domino
789 1702 936 1766 corbatum
958 1716 1200 1788 conprcpooecot“
1228 1710 1326 1787 (Beda

200 1800 229 1857 h.
253 1819 276 1856 e.
306 1799 334 1870 3,
360 1798 411 1870 22,
440 1799 458 1875 5
483 1795 568 1871 214).
615 1794 723 1873 Itaque
753 1797 856 1873 negari
886 1817 946 1855 non
976 1802 1076 1873 potest
1106 1818 1208 1857 revera
1241 1799 1324 1857 sedes

202 1885 383 1964 episcopales
400 1890 430 1943 et
445 1884 600 1963 parochias
617 1885 799 1962 episcopales
815 1885 905 1945 fuisse
921 1886 1002 1963 apud
1018 1885 1122 1945 Scotos
1138 1887 1324 1946 Britanniae.

200 1975 348 2033 Attamen
379 1974 468 2032 certis
494 1973 604 2031 finibus
626 1974 754 2032 inclusas
778 1979 868 2050 atque
891 1974 1055 2051 descriptas
1077 1975 1170 2034 fuisse
1193 1976 1326 2052 singulas

200 2061 357 2143 parochias
370 2067 474 2120 contra
486 2061 659 2138 Brightium
671 2063 712 2139 (p.
727 2062 790 2119 134
803 2068 864 2121 not.
876 2064 906 2138 1)
920 2066 949 2120 et
962 2060 1109 2120 Toddium
1123 2064 1272 2140 (Loening
1280 2063 1324 2135 II,

199 2174 228 2231 p.
253 2151 318 2209 413
343 2157 373 2209 et
397 2150 476 2227 445)
500 2148 677 2210 contendere
701 2170 760 2209 non
784 2151 891 2224 audeo,
923 2151 993 2226 quia
1016 2170 1076 2210 non
1098 2153 1219 2228 ignoro,
1250 2152 1325 2211 illud

198 2240 264 2302 fieri
295 2260 353 2298 non
382 2259 467 2316 posse
490 2240 521 2297 in
545 2241 667 2318 populo,
697 2240 749 2315 qui
775 2239 864 2298 fidem
888 2239 1088 2299 Christianam
1110 2242 1162 2301 vix
1185 2243 1324 2318 suscepit.

287 2328 396 2404 Itaque
419 2329 476 2388 etsi
498 2329 660 2407 disceptari
682 2349 742 2387 non
765 2335 877 2405 potest,
908 2349 979 2386 num
1000 2332 1068 2404 jure
1094 2363 1131 2374 —-
1159 2351 1234 2407 quae
1257 2352 1325 2390 mea

199 2426 244 2478 est
267 2417 368 2495 opinio
389 2453 426 2461 -
444 2418 610 2494 prodiderit
623 2417 708 2476 Beda
730 2425 852 2495 praeter
874 2419 1027 2496 episcopos
1050 2438 1110 2476 non
1130 2421 1224 2477 solum
1241 2440 1321 2497 pres·

198 2511 318 2586 byteros
342 2512 372 2564 et
396 2506 535 2565 maeones
559 2507 612 2564 sed
635 2507 724 2565 etism
740 2514 880 2576 cantores,
903 2503 1021 2566 tectocn
1037 2514 1196 2588 cctnosquc
1209 2506 1323 2588 prodais

198 2593 400 2658 ecclesiasticos
415 2601 487 2653 tunc
502 2596 581 2672 apud
597 2595 860 2670 Nordanhymbros
876 2596 966 2655 fuisse
983 2596 1048 2672 (vit.
1062 2595 1228 2655 Cudberthi
1240 2596 1321 2655 XVI

198 2689 214 2764 ξ
240 2685 291 2758 25,
315 2683 487 2758 Stevenson,
512 2705 602 2761 opera
625 2683 695 2742 hist.
717 2684 761 2755 H,
784 2705 813 2761 p.
840 2684 893 2760 79)
920 2719 959 2730 -
985 2706 1053 2743 nam
1077 2686 1156 2762 quod
1179 2686 1211 2743 in
1235 2705 1320 2743 cano-

198 2775 285 2834 nibus
315 2773 488 2832 Hibernicis
518 2774 582 2850 (lib.
606 2772 760 2845 I—VIII,
784 2773 1043 2833 Wasserschleben
1071 2794 1100 2850 p.
1126 2774 1247 2849 3-31)
1271 2795 1319 2833 ex·

196 2863 306 2942 pressis
328 2862 427 2921 verbis
451 2863 487 2922 de
509 2862 635 2938 singulis
657 2869 771 2938 septem
786 2862 928 2938 gradibus
943 2862 1100 2921 disseritur
1114 2862 1145 2919 in
1161 2868 1321 2938 utramque

196 2959 313 3031 partem
344 2951 438 3028 accipi
468 2956 581 3028 potest,
612 2956 642 3009 et
670 2949 829 3008 Tirechani
859 2951 1063 3010 testimonium
1094 2957 1125 3010 et
1154 2951 1252 3028 ipsum
1283 2950 1321 3008 de

197 3039 384 3100 subdiaconis
396 3046 427 3098 et
439 3039 591 3097 exorcistis
603 3039 727 3115 loquens
739 3042 886 3115 (annotat.
896 3040 1025 3099 Betham
1037 3039 1081 3112 ΙΙ,
1097 3061 1165 3118 app.
1175 3061 1203 3117 p.
1214 3039 1319 3115 XXI),

196 3127 353 3207 repudiare
383 3127 453 3186 licet
482 3128 532 3200 iis,
564 3127 616 3204 qui
646 3129 723 3187 forte
751 3134 861 3206 putant
884 3127 1043 3188 Tirechani
1073 3129 1257 3207 temporibus
1287 3128 1319 3187 in

195 3216 343 3277 Hibernia
366 3217 490 3276 australi
513 3217 585 3291 (vid.
608 3237 698 3293 supra
720 3239 749 3296 p.
767 3220 822 3293 71)
846 3217 1003 3278 Scotorum
1025 3238 1122 3277 mores
1142 3221 1205 3293 jam
1228 3218 1320 3277 fuisse

196 3312 405 3366 commutatos:
436 3311 536 3364 tamen
566 3307 646 3383 apud
677 3304 782 3366 Scotos
810 3306 986 3366 Britanniae
1017 3313 1128 3366 statum
1158 3306 1318 3364 hierarchi-

196 3417 261 3454 cum
284 3395 428 3454 Romanis
452 3395 576 3454 similem
599 3394 689 3453 fuisse
712 3395 818 3471 liquet.

285 3483 397 3543 Similis
420 3505 490 3543 vero
514 3484 572 3544 fuit
588 3504 647 3543 non
663 3504 719 3561 par
734 3484 861 3557 omnino,
885 3505 953 3542 nam
969 3505 1028 3542 una
1045 3489 1182 3561 exparte
1200 3483 1320 3542 videtur

195 3572 300 3630 melior
321 3573 411 3631 fuisse
427 3578 458 3632 et
477 3575 572 3651 magis
588 3573 731 3646 excultus,
748 3593 784 3631 ex
799 3574 894 3632 altera
909 3577 995 3650 pej0r
1010 3580 1041 3633 et
1056 3573 1152 3631 minus
1168 3575 1316 3632 excultus:

194 3661 268 3718 illud
298 3660 369 3735 quia
398 3661 429 3719 in
458 3663 581 3722 ecclesia
603 3663 919 3739 Nordauhymbrorum
942 3663 1035 3722 abbas
1057 3662 1191 3721 Hiiensis
1213 3663 1317 3738 funge-

195 3751 284 3808 batur
307 3769 427 3808 munere
443 3755 586 3827 tanquam
602 3751 855 3829 archiepiscopali,
880 3752 959 3826 quod
974 3757 1045 3810 tunc
1060 3752 1091 3809 in
1107 3750 1206 3811 Gallia
1221 3769 1317 3827 paene

195 3839 309 3911 deerat,
339 3838 395 3896 hoc
425 3838 495 3914 quia
518 3839 549 3897 in
572 3840 696 3916 singulis
719 3840 868 3918 parochiis
891 3841 969 3899 bona
992 3840 1150 3918 disciplina
1172 3839 1224 3897 vix
1248 3858 1315 3896 con·

194 3926 376 3987 stituebatur
406 3948 472 3985 cum
502 3927 686 4006 principatus
717 3930 755 3988 ab
786 3929 961 3988 Hiiensibus
991 3929 1030 3987 ad
1061 3928 1315 4005 archiepiscopum

194 4016 427 4076 Cantuarensem
451 4016 579 4075 transiit.

283 4104 366 4181 Ergo
395 4125 455 4162 non
484 4105 549 4182 ipso
580 4104 725 4182 graduum
761 4106 1025 4166 ecclesiasticorum
1059 4126 1167 4184 genere
1197 4101 1315 4165 diversa

194 4202 259 4255 erat
282 4216 299 4252 a
322 4194 458 4253 Romana
479 4192 635 4254 Scotorum
659 4195 790 4269 ecclesia,
813 4197 865 4254 sed
887 4196 969 4268 illud,
993 4195 1070 4255 sicut
1089 4199 1153 4270 jam
1176 4188 1314 4267 vidimus,

192 4284 346 4361 proprium
376 4288 440 4342 erat
467 4282 636 4357 Scotorum,
668 4285 748 4360 quod
779 4285 896 4344 ordines
923 4285 1100 4344 hierarchici
1124 4307 1190 4344 cum
1212 4297 1313 4341 mona-
