3024 4920
630 189 674 198 -
722 156 783 213 110
827 189 874 230 ,-

193 348 281 412 quam
306 334 386 393 dieta
410 334 446 392 de
470 333 622 392 fratribus.
653 334 730 393 Nam
753 332 823 393 licet
845 333 939 391 levius
962 333 1002 392 sit
1017 367 1060 376 -
1077 332 1156 409 quod
1179 331 1319 409 equidem

82 461 85 467 ·
155 441 156 444 ’
193 445 252 483 non
276 422 403 482 concedo
430 451 468 466 -
494 422 695 481 testimonium
725 422 799 480 illud
827 443 863 480 ex
887 422 950 481 vita
973 421 1117 480 Walarici
1146 420 1316 498 repetitum,

193 520 294 572 tamen
317 513 380 588 ipse
404 511 559 569 Ebrardus
582 531 641 570 non
656 512 768 588 poterit
783 533 842 570 non
858 510 1018 570 concedere
1033 510 1208 569 monachum
1224 509 1317 582 illum,

195 603 247 680 qui
269 600 462 660 Bercharium
487 601 626 659 abbatem
642 600 899 660 Altivillarensem
915 606 945 658 et
960 600 1143 658 Dervensem
1168 599 1318 658 interfecit

194 692 242 767 (cf.
260 709 350 767 supra
365 710 394 767 p.
413 690 498 765 102),
522 689 593 766 quia
608 689 658 748 ille
674 708 740 747 eum
763 697 795 748 ut
817 688 926 749 morie
949 696 1012 750 aar
1026 685 1199 768 feriendum
1221 685 1317 747 decre·

194 787 275 840 verat
298 779 364 854 (vit.
388 778 562 850 Berch.19,
585 779 664 837 Mab.
680 776 723 851 II,
746 800 776 856 p.
793 778 880 854 842),
903 798 963 836 non
983 781 1046 854 jam
1069 797 1195 855 puerum
1218 776 1318 848 luisse,

195 868 246 927 sed
270 869 377 938 virum,
409 868 514 925 saltem
534 870 682 942 juvenem.
729 868 816 941 Quod
839 868 863 925 si
887 887 996 943 negare
1020 886 1078 925 non
1101 866 1184 938 licet,
1217 885 1319 924 conce·

195 958 323 1017 dendum
347 961 392 1013 est
414 956 504 1014 moris
527 955 617 1015 fuisse
643 956 676 1014 in
702 956 889 1016 monasteriis
916 957 1076 1014 secundum
1103 955 1237 1031 regulam
1261 953 1319 1013 Co·

194 1047 312 1105 lumbae
334 1045 482 1104 institutis
505 1046 680 1104 verberibus
707 1046 815 1123 punire
843 1045 1060 1117 inobedientes,
1092 1064 1160 1102 nam
1184 1050 1214 1102 et
1237 1041 1319 1102 Alti-

195 1135 354 1195 villarense
377 1134 426 1210 (cf.
449 1134 592 1192 Mobillon
616 1134 731 1193 observ.
754 1155 855 1212 praev.
878 1135 909 1191 in
933 1134 985 1192 vit.
1009 1133 1116 1194 Berch.
1139 1154 1169 1211 p.
1193 1132 1268 1203 831,
1286 1133 1319 1207 3)

191 1234 226 1286 *et
249 1224 402 1282 Dervense
425 1223 636 1282 monasterium
660 1225 709 1297 (cf.
732 1223 869 1300 Loening
892 1222 935 1295 ΙΙ,
959 1244 988 1300 p.
1005 1223 1068 1280 442
1087 1227 1148 1280 not.
1166 1222 1198 1296 2)
1221 1239 1319 1280 aeona-

195 1313 268 1374 dum
290 1307 423 1392 requiem
445 1307 502 1371 SS.
526 1309 682 1371 Benedicti
702 1319 728 1372 et
752 1309 928 1372 Columboai
949 1312 1069 1370 condita
1092 1315 1186 1369 erant.

285 1401 352 1473 His,
377 1421 452 1477 quae
469 1401 586 1477 singula
602 1401 743 1478 exemplis
759 1402 961 1479 comprobant,
977 1401 1093 1459 accedit
1108 1397 1319 1470 testimonium,

197 1490 277 1566 quod
300 1496 394 1548 totam
417 1490 551 1566 regulam
579 1490 666 1548 nimis
694 1511 825 1550 severam
853 1490 943 1549 fuisse
957 1490 1163 1548 demonstrat.
1208 1487 1320 1546 Narrat

197 1580 274 1637 enim
297 1578 392 1637 Jonas
423 1578 453 1635 in
483 1578 547 1637 vita
577 1578 716 1651 Attalae,
746 1580 866 1640 abbatis
888 1578 1046 1638 Bobiensis
1069 1581 1105 1653 (c.
1131 1578 1149 1634 2
1174 1577 1251 1635 Mab.
1274 1575 1319 1647 H,

117 1725 119 1731 ,
197 1688 266 1726 ann.
284 1668 356 1739 627,
372 1688 400 1744 p.
421 1667 495 1744 123)
519 1669 675 1726 nonnullos
699 1669 857 1727 monachos
881 1668 1045 1727 Bobienses
1067 1665 1227 1726 tumultum
1251 1684 1318 1723 oon·

198 1757 303 1817 citasse
326 1755 405 1814 inter
427 1756 535 1815 fratres
558 1757 690 1816 dicentes
716 1776 746 1815 ae
772 1755 857 1817 minii
874 1754 1004 1837 favoris
1027 1753 1221 1814 austaitotcm
1235 1751 1321 1833 ferre

197 1865 256 1905 noa
284 1864 373 1924 posse
402 1853 428 1903 et
457 1843 569 1904 arduae
602 1843 771 1926 disciplima
801 1845 937 1927 pardem
968 1853 1090 1925 portare
1123 1863 1182 1904 non
1219 1838 1322 1901 valere.

198 1934 303 1993 Nonne
319 1935 458 1992 disertius
481 1935 553 1993 haec
576 1935 655 1993 dicta
679 1941 757 2008 sunt,
781 1956 869 2011 quam
885 1942 919 1993 ut
934 1935 1034 1994 verbis
1050 1933 1182 2009 (Ebrard
1197 1953 1226 2010 p.
1245 1931 1323 2006 156)

199 2024 352 2083 diluantur
376 2025 425 2100 (of.
448 2022 555 2082 Hertel
579 2046 608 2101 p.
631 2024 729 2100 436)?

288 2112 504 2171 Firmissimum
528 2113 656 2190 denique
686 2120 893 2190 argumentum
916 2111 1099 2188 Loeningius
1123 2109 1179 2184 (II,
1199 2131 1228 2187 p.
1245 2108 1324 2183 433)

99 2246 106 2257 .
198 2201 327 2279 protulit
348 2202 495 2276 regulam,
519 2222 607 2278 quam
631 2202 780 2274 Donatus,
809 2203 964 2280 episcopus
988 2199 1247 2271 Vesontionensis,
1272 2198 1325 2275 qui

199 2296 277 2349 teste
299 2290 380 2349 Jona
403 2290 468 2365 (vit
485 2289 548 2348 Col.
565 2292 616 2361 22,
632 2292 711 2349 Mab.
726 2290 770 2362 II,
793 2312 822 2367 p.
841 2291 894 2365 14)
910 2290 1085 2348 Waldeleno
1108 2288 1177 2346 duci
1200 2290 1324 2364 ejusque

200 2378 286 2437 uxori
315 2378 417 2437 liberis
448 2381 617 2438 carentibus
647 2386 772 2456 rogante
796 2379 940 2438 Columba
968 2400 986 2437 a
1009 2379 1063 2437 deo
1093 2384 1157 2436 erat
1187 2377 1324 2448 donatus,

201 2468 332 2527 Jussano
356 2468 535 2527 monasterio
559 2489 577 2527 a
599 2488 630 2527 se
646 2474 677 2527 et
693 2489 711 2526 a
726 2475 890 2528 matresua
909 2468 1027 2526 condito
1044 2466 1154 2525 indidit
1170 2465 1324 2540 (Holsten-

200 2555 329 2614 Brockie
352 2556 377 2629 I,
401 2577 429 2632 p.
451 2558 513 2614 377
518 2558 561 2631 ).1
606 2557 682 2633 Ejus
705 2558 783 2615 enim
806 2557 971 2633 puellarum
996 2554 1168 2615 monasterii
1190 2555 1326 2630 regulam

201 2651 278 2704 teste
293 2644 461 2721 Loeningio
477 2645 615 2705 Donatus
632 2668 668 2705 ex
684 2646 824 2718 Caesarii,
848 2645 1013 2717 Benedicti,
1037 2644 1199 2704 Columbae
1215 2643 1325 2719 regulis

202 2734 245 2792 ita
269 2735 447 2812 composuit,
477 2739 513 2793 ut
535 2737 677 2811 majorem
701 2735 834 2812 capitum
856 2741 971 2811 partem
995 2754 1013 2792 a
1035 2734 1138 2810 regula
1163 2731 1206 2791 st.
1229 2731 1324 2790 Bene·

202 2823 275 2881 dicti
298 2830 495 2896 mutuaretur,
518 2825 569 2882 sed
593 2825 683 2883 etiam
707 2845 743 2884 ex
759 2822 921 2882 Columbae
944 2824 1047 2900 regula
1070 2822 1213 2881 nonnulla
1227 2828 1324 2878 trans·

202 2912 345 2971 scriberet
368 2913 478 2990 partim
501 2913 539 2971 ad
563 2915 686 2972 verbum
710 2920 825 2990 partem
850 2918 964 2971 mutata
991 2932 1045 2989 pro
1075 2911 1241 2989 puellarum
1264 2929 1325 2968 mo·

95 3007 99 3014 ’
203 3002 327 3059 nasterii
359 3022 423 3060 usu.
480 3001 518 3059 Id
554 3022 626 3061 vero
661 3003 771 3079 ipsum,
815 3002 894 3078 quod
930 3002 1084 3078 proprium
1122 3005 1168 3058 est
1204 2999 1326 3075 regulae

204 3087 379 3162 Columbae,
415 3089 563 3149 crebriora
593 3090 646 3148 illa
668 3091 793 3149 verbera
817 3091 847 3148 in
870 3111 980 3167 poenas
1010 3089 1173 3165 insumpta,
1203 3086 1327 3145 minime

193 3177 311 3238 'omissa
333 3183 402 3236 sunt
425 3178 588 3243 aDonato.
626 3178 709 3251 Quae
732 3199 798 3237 oum
822 3179 866 3237 ita
889 3179 958 3252 sint,
981 3177 1114 3236 dubitari
1136 3181 1328 3253 non-potest,

204 3266 276 3345 quin
307 3268 428 3344 regulae
458 3266 538 3326 illius
569 3268 747 3327 coenobialis
777 3274 881 3327 auctor
912 3267 1058 3327 Columba
1089 3265 1187 3325 fuerit.
1242 3265 1327 3338 Quae

203 3362 305 3415 utrum
328 3357 408 3434 apud
432 3357 622 3416 Holstenium
645 3357 926 3434 interpolationibus
954 3364 1041 3415 aucta
1070 3376 1108 3414 an
1134 3355 1166 3413 in
1190 3353 1256 3412 aliis
1281 3373 1328 3412 co-

204 3444 321 3504 dicibus
343 3446 483 3504 mutilata
507 3447 559 3518 sit,
590 3445 754 3520 dijudicare
778 3452 881 3505 nostra
904 3465 963 3505 non
987 3445 1120 3504 interest.
1165 3443 1241 3503 Nam
1266 3442 1330 3502 sire

204 3533 260 3592 hoc
283 3534 353 3606 sive,
377 3534 455 3610 quod
480 3531 617 3612 equidem
640 3535 753 3607 malim,
777 3534 851 3593 illud
873 3534 1051 3603 affirmatur,
1072 3536 1187 3609 justum
1209 3531 1247 3589 de
1271 3529 1329 3590 Co·

204 3622 322 3680 lumbae
352 3624 456 3698 regula
484 3627 606 3701 ejusque
636 3631 744 3682 natura
776 3632 865 3699 atque
895 3623 993 3681 indole
1021 3622 1166 3698 judicium
1193 3621 1331 3678 fecerunt

205 3710 402 3788 Rettbergius
418 3710 473 3787 (II,
489 3734 518 3790 p.
536 3714 598 3770 680
615 3715 701 3789 sqq.),
722 3713 877 3771 Hertelius
893 3715 935 3790 (p.
953 3712 1015 3769 449
1033 3713 1120 3790 sqq.),
1143 3709 1330 3785 Loeningius

207 3800 263 3878 (II,
286 3821 314 3878 p.
340 3801 405 3858 434
428 3805 493 3878 sq),
521 3801 559 3860 ad
582 3820 656 3879 quos
679 3801 771 3859 libros
794 3800 932 3876 delegare
955 3800 1028 3858 mihi
1050 3800 1139 3859 liceat
1161 3797 1331 3858 accuratius

207 3895 406 3967 quaerentem,
430 3896 465 3949 ut
487 3891 544 3968 ipsi
566 3910 691 3969 pergere
715 3890 861 3968 possimus
885 3890 922 3948 ad
946 3910 993 3963 ea,
1018 3910 1093 3966 quae
1116 3893 1247 3963 restant..
1315 3881 1317 3883 ’

299 4044 367 4098 ¹Et
391 4045 421 4098 in
446 4045 631 4100 describendo
657 4044 723 4098 libri
748 4045 811 4098 loco
837 4048 866 4096 et
887 4045 917 4097 in
944 4044 1006 4112 ipsa
1029 4061 1059 4097 re
1082 4040 1240 4112 Loeningio
1263 4058 1331 4094 con·

207 4117 296 4170 fidere
316 4120 429 4170 coactus
449 4135 522 4183 sum,
552 4117 617 4185 quia
641 4115 816 4170 bibliotheca
840 4119 939 4168 nostra
958 4113 1113 4184 Lipsiensis
1132 4114 1222 4166 solam
1241 4111 1331 4180 ipsius

208 4187 353 4242 Holsteuii
373 4187 526 4242 editionem
546 4187 676 4255 (Romae.
697 4186 779 4254 1661)
793 4185 927 4254 possidet,
948 4203 1004 4240 non
1017 4186 1097 4239 illam
1110 4201 1161 4253 per
1174 4183 1331 4237 Brockium

209 4263 320 4313 auctam
340 4257 477 4327 (Vindob.
501 4259 589 4327 1759).
