3024 4920
573 215 787 273 „61-

123 392 273 477 perfectos.
306 395 392 469 Quod
416 396 482 471 quis
506 395 629 454 audiens
652 395 710 454 sibi
728 395 907 474 persuadeat
930 396 1042 455 nullum
1066 404 1137 455 tunc
1152 396 1242 456 fuisse

123 486 153 543 in
187 485 334 544 Hibernia
366 486 537 564 episcopum
568 485 692 544 similem
723 491 873 561 potestate
902 486 954 559 116,
986 485 1038 564 qui
1066 485 1243 562 Hieronymi

122 575 306 652 temporibus
329 575 467 632 fuerant?

217 663 351 722 Tertium
376 665 455 740 quod
471 663 552 742 apud
568 661 778 722 Adamnanum
794 663 997 742 episcoporum
1014 665 1058 723 ita
1073 663 1108 724 111
1124 665 1242 737 mentio,

124 759 159 811 ut
182 774 241 811 non
264 754 358 812 solum
382 759 526 832 appareat
548 751 760 812 Adamnanum
783 753 887 812 1661666
911 753 1069 812 discrimen
1092 754 1171 812 inter
1194 774 1243 811 666

125 843 175 920 qui
200 842 332 921 episcopi
356 849 386 900 et
409 863 458 901 eos
482 843 534 919 qui
556 844 681 917 abbates
705 843 913 921 apellabantur
937 843 1008 918 (vid.
1026 843 1054 914 3,
1072 844 1113 900 90
1138 843 1169 900 16
1184 842 1242 901 fine

122 954 151 1010 p.
169 933 232 989 229
251 932 285 992 61
304 933 367 1008 91),
391 932 442 991 sed
466 933 555 991 etiam
578 938 612 990 ut
636 933 823 991 manifestum
844 931 898 989 fiat
919 931 1016 1009 ipsum
1032 930 1241 991 Adamnanum

123 1027 243 1098 putasse
267 1021 390 1097 singulis
406 1021 554 1100 episcopis
570 1022 660 1080 161666
676 1022 846 1099 parochiam
863 1019 951 1081 certis
966 1021 1075 1080 finibus
1098 1021 1242 1080 inclusam

123 1112 164 1185 (1,
190 1111 241 1183 29,
265 1132 293 1188 p.
319 1111 382 1168 208
413 1130 508 1182 ,6666
538 1109 575 1170 de
600 1109 778 1191 praeposita
806 1118 872 1169 tuac
894 1108 1070 1170 dioeceseos“
1093 1112 1129 1168 61.
1153 1130 1242 1188 supra

122 1221 151 1277 p.
169 1199 223 1272 59;
251 1201 276 1273 1,
301 1200 352 1272 40,
375 1221 403 1276 p.
421 1201 494 1258 212.
520 1200 547 1272 3,
574 1201 623 1272 90,
650 1201 713 1256 229
737 1197 907 1278 ‚,episcopus
930 1192 1163 1280 Lapiacaets‘ff)

213 1288 358 1361 Quartum
383 1288 518 1365 denique,
542 1289 630 1364 quod,
651 1289 728 1347 sicut
743 1294 846 1367 postea
862 1289 1035 1362 videbimus,
1058 1289 1089 1346 in
1104 1288 1242 1348 Nordan·

122 1377 259 1453 hymbria
282 1378 367 1436 sedes
391 1378 573 1457 episcopales
596 1399 656 1436 non
680 1378 845 1437 defuerunt.

212 1466 297 1539 Quae
321 1486 386 1525 cum
404 1467 446 1526 ita
462 1468 530 1542 sint,
547 1468 645 1526 inille
662 1468 713 1527 vix
729 1488 809 1546 papa
832 1467 952 1539 erravit,
970 1467 1049 1542 quod
1065 1466 1242 1524 Hiberniam

123 1555 154 1613 in
185 1555 368 1633 episcopales
397 1558 551 1634 parochias
583 1556 707 1616 divisam
744 1578 806 1615 esse
837 1557 966 1634 putavit.
1020 1557 1103 1630 Quae
1135 1555 1242 1614 divisio

124 1664 194 1701 num
217 1665 349 1721 unquam
372 1646 488 1723 legibus
511 1646 626 1705 sancita
649 1646 701 1719 sit,
729 1646 760 1703 in
784 1645 881 1704 medio
904 1646 1053 1722 relinquo,
1082 1645 1152 1721 quia
1176 1665 1242 1703 con·

121 1733 285 1808 jiciendum
316 1741 361 1793 est
393 1757 457 1793 eam
486 1737 650 1812 profectam
681 1755 743 1793 esse
778 1735 813 1793 de
844 1735 924 1794 civili
954 1735 1058 1814 populi
1085 1733 1242 1792 Hibernioi

124 1822 277 1896 divisione,
301 1824 337 1881 de
362 1844 419 1901 qua
443 1825 668 1902 supradictum
692 1831 737 1883 est
760 1826 802 1902 (p.
821 1824 884 1902 56).
1253 1892 1257 1901 .

213 1911 251 1968 Ι6
274 1912 398 1988 singulis
421 1919 519 1971 autem
542 1913 690 1992 parochiis
715 1914 766 1991 qui
789 1914 881 1972 fuerit
908 1918 1005 1972 status
1029 1912 1243 1971 ecclesiasticus

126 2000 206 2058 haud
229 2001 316 2059 facile
340 2007 384 2059 est
416 2002 453 2060 ad
483 2002 729 2078 cognoscendum,
762 2003 831 2078 quia
861 2002 892 2059 in
923 2002 1019 2059 medio
1048 2001 1243 2076 relinquenda

126 2095 171 2147 est
188 2088 260 2147 haec
275 2089 450 2166 gravissima
466 2092 608 2166 quaesti0,
632 2097 731 2149 utrum
752 2111 851 2150 omnes
876 2091 1014 2169 episcopi,
1039 2110 1138 2148 omnes
1161 2110 1242 2168 pres·

91 2252 92 2255 ,
127 2178 226 2253 hyteri
249 2186 280 2237 et
308 2179 423 2238 diaconi
456 2181 591 2239 monachi
622 2179 743 2253 fuerint,
775 2201 812 2239 an
842 2187 962 2259 praeter
992 2180 1155 2258 permultos
1185 2200 1242 2251 eos,

126 2267 178 2343 qui
201 2269 401 2327 monachicam
425 2269 519 2328 vitam
542 2269 672 2348 amplexi
696 2275 794 2343 erant,
825 2270 876 2328 alii
905 2269 1018 2328 fuerint
1047 2269 1146 2328 clerici
1169 2269 1244 2326 nulli

125 2357 305 2416 monasterio
329 2358 459 2434 ascripti.
505 2360 698 2435 Negaverunt
726 2360 802 2417 hanc
831 2360 1032 2436 quaestionem
1056 2359 1189 2417 Toddius
1213 2365 1243 2416 et

125 2444 254 2504 Skenius
277 2447 332 2522 (II,
356 2468 384 2523 p.
411 2447 466 2524 42)
495 2469 590 2525 neque
623 2469 676 2526 ego
707 2449 874 2508 dubitarem
906 2449 1045 2507 accedere
1076 2449 1114 2506 ad
1142 2468 1243 2506 eorum

124 2536 311 2609 sententiam,
328 2536 385 2593 nisi
401 2557 496 2614 pauca
513 2543 618 2609 essent,
643 2558 718 2613 quae
734 2558 795 2595 rem
811 2539 843 2595 in
859 2537 1076 2596 dubitationem
1092 2543 1241 2598 vocarent.

124 2624 211 2683 Dixit
243 2618 320 2682 enim
351 2625 519 2700 aliquande,
542 2633 577 2684 ut
608 2627 698 2684 modo.
719 2627 951 2700 commemoravi,
977 2627 1121 2686 Columba
1144 2627 1242 2685 Luxo-

125 2713 241 2786 viensis,
266 2707 406 2774 Sanctum
421 2711 638 2795 Hieronymum
653 2711 945 2798 jasstsseepc'scopos
964 2714 1077 2774 imitari
1098 2711 1242 2794 apostolos

123 2799 279 2864 monachos
302 2823 369 2863 cero
392 2802 521 2863 docuisse
544 2803 624 2886 sequi
637 2813 741 2884 patres
759 2803 920 2886 perfectam
950 2802 1011 2863 6116
1038 2803 1113 2863 caim
1136 2823 1195 2864 6666
1218 2812 1243 2862 et

124 2888 184 2950 alia
213 2888 382 2952 6161666661
414 2901 440 2951 et
469 2890 678 2952 monachorum
710 2892 881 2952 documenta
904 2901 930 2952 et
957 2890 1039 2974 tempe
1061 2891 1099 2951 ab
1122 2890 1243 2951 invicem

124 2988 261 3059 separata
285 2983 380 3058 (ep.2
405 2980 476 3039 bibl.
501 3003 576 3054 max,
600 2987 678 3058 patr.
698 2983 746 3055 12,
770 3003 798 3059 p.
816 2983 856 3039 26
874 2982 934 3058 ΙΙ).
966 2982 1053 3055 Quod
1076 2981 1131 3040 etsi
1147 2980 1242 3039 Gallis

124 3069 236 3126 dictum
260 3075 313 3142 661,
338 3076 437 3129 tamen
461 3071 656 3148 suspicionem
680 3077 779 3130 movet
801 3071 832 3129 16
847 3071 996 3130 Hibernia
1013 3091 1129 3148 quoque
1152 3071 1243 3129 fuisse

124 3157 287 3236 episcopos,
313 3158 364 3235 qui
387 3159 522 3218 monachi
545 3181 604 3219 non
629 3167 725 3220 essent
742 3168 822 3219 certe
846 3181 905 3219 non
929 3161 1060 3236 ejusdem
1083 3160 1243 3220 strictioris

124 3248 330 3307 observantiae
354 3249 489 3307 monachi
514 3256 603 3326 atque
627 3249 773 3308 Columba
797 3251 845 3326 (61.
869 3250 969 3326 infra).

214 3337 314 3411 Quid?
338 3338 443 3397 Nonne
468 3344 498 3397 et
521 3338 585 3416 ipse
608 3339 657 3397 ille
680 3337 778 3396 Aidus
802 3336 958 3397 civitatis
978 3333 1145 3416 Steph'crreie
1168 3334 1242 3418 epeh-

123 3444 214 3503 copue
238 3427 318 3503 (Lib.
334 3426 440 3487 Ardm.
458 3426 555 3505 Capit.
571 3426 654 3498 Aidi,
677 3427 813 3486 Betham.
829 3427 872 3499 ΙΙ,
889 3448 957 3505 app.
973 3426 1095 3503 XLIV)
1119 3425 1242 3484 eandem

125 3514 320 3589 suspicionem
344 3537 462 3576 movere
485 3522 598 3594 potest,
630 3516 807 3593 simulatque
838 3517 957 3594 legeris,
982 3536 1057 3593 quae
1080 3515 1116 3573 de
1140 3514 1242 3573 discri-

124 3601 202 3659 mine
217 3603 296 3661 inter
312 3606 464 3684 episcopos
480 3606 651 3664 monasterii
668 3612 697 3664 61
718 3606 871 3684 episcopos
895 3605 1024 3665 civitatis
1039 3604 1242 3680 Harttungius

123 3691 252 3767 protulit
275 3693 535 3771 (Diplomat.·hist.
559 3694 680 3754 Forsch.
705 3717 734 3773 p.
760 3695 800 3753 35
825 3696 861 3753 61.
890 3702 950 3754 not.
978 3694 1029 3771 1)?
1068 3693 1140 3752 Alia
1172 3713 1241 3752 vero

124 3780 212 3854 hujus
235 3781 279 3839 rei
302 3783 473 3841 testimonia
496 3805 542 3842 me
566 3805 626 3843 non
649 3784 798 3843 invenisse
822 3783 976 3857 confiteor,
1005 3784 1057 3842 sed
1079 3782 1158 3840 haud
1182 3782 1241 3840 scio

123 3889 162 3927 an
190 3871 272 3944 justo
305 3870 371 3947 plus
402 3872 460 3930 viri
490 3873 570 3931 docti
609 3873 754 3932 rationem
789 3874 948 3932 habuerint
978 3874 1105 3932 vitarum
1141 3890 1242 3929 eorum

124 3957 315 4032 Sanctorum,
347 3981 420 4036 quos
452 3962 608 4021 monachos
639 3962 728 4021 fuisse
761 3967 873 4020 certum
902 3968 954 4022 est.
1000 3961 1052 4020 An
1076 3953 1242 4018 mirandum

124 4054 209 4121 esset,
234 4050 321 4124 quod,
345 4050 371 4108 si
394 4050 446 4126 qui
469 4051 595 4111 fuissent
618 4052 650 4109 in
673 4051 795 4110 ecclesia
819 4050 976 4111 Scotorum
999 4051 1137 4128 episcopi,
1161 4069 1242 4128 pres·

123 4139 230 4215 hyteri,
255 4138 379 4211 diaconi,
405 4140 457 4216 qui
479 4140 617 4199 monachi
640 4162 698 4198 non
723 4147 831 4211 essent,
856 4140 997 4198 memoria
1021 4160 1121 4198 eorum
1145 4139 1242 4197 deleta

124 4235 201 4288 66661
233 4229 313 4306 apud
344 4228 425 4301 illos,
466 4229 517 4306 qui
548 4231 757 4288 monachorum
789 4229 865 4288 vitas
896 4228 1136 4288 conscriberent?
1183 4226 1242 4285 Sed
