3024 4920
608 166 803 224 -5..

40 359 43 364 ’
150 346 243 406 thecis
281 345 381 423 regiae
412 344 600 406 Berolinensi
630 348 661 402 et
690 345 788 422 regiae
818 344 979 404 Drasdensi
1009 352 1040 403 et
1069 343 1267 403 bibliothecae

149 435 354 496 universitatis
370 434 577 512 Gottingcnsis
593 440 742 511 praesunt,
766 434 878 510 gratias
894 434 1068 511 persolvam,
1093 433 1172 511 quod
1194 454 1266 492 non·

150 527 244 585 nullos
267 525 375 599 libros,
411 525 462 602 qui
492 525 523 582 in
546 530 664 584 nostrae
687 524 775 582 urbis
793 523 981 583 bibliothecis
1005 524 1125 596 desunt,
1162 543 1267 600 eosque

150 615 223 675 mihi
246 615 375 674 omnium
398 613 569 674 utilissimos
592 613 664 671 mihi
692 612 936 673 transmittendos
959 613 1124 672 liberaliter
1147 632 1266 672 curave·

149 711 233 778 runt,
257 711 287 764 et
308 709 343 762 ut
366 726 383 762 a
405 703 566 762 lectoribus
588 709 703 781 petam,
727 709 761 762 ut
784 702 965 775 condonent,
991 702 1070 779 quod
1093 703 1159 761 aliis
1182 701 1268 760 libris

150 793 348 866 Britannicis,
383 799 487 871 utpote
522 813 595 869 quos
630 791 754 870 adipisci
788 812 848 850 non
882 791 1046 870 potuerim,
1085 792 1115 852 vi
1149 797 1268 852 coactus

149 884 196 944 uti
218 881 312 944 omisi
749 926 757 935 .

239 971 324 1030 Haec
346 971 382 1030 de
404 971 504 1045 libris,
535 971 587 1047 qui
617 970 787 1046 adjumento
811 970 882 1028 mihi
906 976 999 1030 crant.
1045 969 1145 1048 Ipsius
1168 970 1267 1048 dispu-

149 1061 271 1122 tationis
287 1062 439 1121 exordium
455 1063 492 1120 ab
509 1060 645 1120 Ebrardo
661 1059 722 1118 fiat.
768 1058 940 1120 Sententiae
956 1063 1019 1136 ejus
1035 1079 1147 1119 summa
1162 1059 1268 1119 haecce

151 1158 212 1211 est:
235 1150 394 1210 Britonum
410 1149 624 1227 Scotorumque
641 1149 770 1223 ecclesia,
798 1149 965 1224 „culdeica“
989 1152 1056 1224 jure
1080 1148 1267 1220 nominanda,
1307 1142 1308 1145 ¹

151 1240 220 1320 quia
251 1239 405 1302 christiani
431 1239 599 1300 Britannici
623 1245 654 1298 et
676 1238 786 1298 Scotici
816 1245 847 1298 et
878 1239 1108 1298 nominabantur
1131 1246 1161 1298 et
1184 1243 1269 1298 erant

150 1329 254 1390 Culdei
277 1329 296 1387 i.
314 1351 336 1388 e.
360 1329 418 1390 viri
441 1329 497 1403 dei,
520 1328 773 1408 peregrinantium
797 1348 887 1407 opera
909 1335 1076 1406 propagata
1098 1349 1152 1406 per
1173 1333 1268 1388 totam

150 1419 296 1492 Galliam,
320 1417 526 1490 Germaniam,
556 1418 726 1478 Helvetiam
749 1418 850 1496 paullo
873 1422 943 1477 ante
966 1417 1111 1478 Bonifatii
1134 1423 1268 1495 tempora

149 1509 256 1568 mirum
279 1508 310 1566 in
333 1508 452 1567 modum
480 1509 523 1568 ita
546 1508 686 1581 florebat,
721 1514 756 1566 ut
785 1527 845 1566 una
875 1513 906 1566 et
933 1507 1040 1585 spiritu
1064 1514 1093 1566 et
1115 1507 1174 1566 fide
1196 1507 1268 1583 quin

151 1599 240 1659 etiam
260 1597 482 1674 jurisdictione,
507 1598 618 1676 quippe
643 1618 718 1675 quae
741 1597 881 1656 universa
904 1597 1022 1656 abbatis
1045 1597 1178 1656 Hiiensis
1200 1617 1267 1675 pro-

149 1687 247 1748 vincia
270 1694 355 1761 esset,
380 1687 551 1765 evangelica
565 1687 687 1746 ecclesia
701 1707 796 1765 paene
819 1686 965 1765 appellari
986 1692 1094 1763 posset,
1118 1707 1186 1745 nam
1209 1706 1269 1745 non

149 1779 243 1839 solum
265 1777 360 1837 libera
384 1782 448 1836 erat
467 1776 675 1852 jurisdictione
697 1775 800 1855 papali
823 1796 915 1853 eaque
939 1775 975 1834 de
999 1795 1086 1834 causa
1109 1776 1269 1853 respuebat

150 1888 263 1927 errores
286 1886 431 1939 romanos,
455 1872 623 1925 sanctorum
647 1872 677 1924 et
699 1865 890 1942 reliquiarum
914 1866 1038 1937 cultum,
1062 1864 1188 1923 honores
1211 1865 1268 1923 vir·

149 1956 272 2034 ginitati
294 1955 426 2029 habitos,
451 1945 684 2015 communionem
707 1956 761 2014 sub
785 1975 857 2027 una,
882 1954 941 2012 alia
963 1955 1071 2027 multe,
1096 1953 1147 2012 sed
1170 1953 1268 2026 etiam,

150 2045 229 2122 quod
252 2048 347 2121 majus
371 2051 430 2119 est,
455 2065 554 2104 omnes
578 2044 665 2119 hujus
689 2044 827 2102 ecclesiae
850 2043 1034 2116 sacerdotes,
1061 2063 1147 2121 pares
1171 2042 1267 2119 digni·

149 2140 227 2207 tate,
255 2134 397 2194 uxoribus
419 2155 479 2194 non
502 2139 650 2207 carentes,
681 2132 925 2208 justificationem
948 2153 984 2191 ex
1006 2133 1064 2191 fide
1089 2138 1120 2192 et
1143 2152 1268 2209 evange·

150 2225 237 2284 licam
261 2223 381 2283 vivendi
404 2224 549 2284 rationem
572 2223 716 2301 populum
739 2223 893 2282 docebant.
927 2256 964 2265 —
996 2221 1136 2282 Profecto
1159 2221 1268 2298 gaudio

149 2320 226 2374 esset
242 2313 327 2372 nobis
344 2313 528 2391 evangelicis,
552 2313 578 2372 si
593 2332 640 2371 res
660 2313 704 2371 ita
719 2333 782 2371 sese
797 2312 929 2386 haberet,
953 2312 1004 2371 sed
1025 2346 1061 2355 —
1080 2311 1155 2389 proh
1171 2312 1269 2371 dolor!

149 2408 266 2463 tentum
297 2404 398 2476 abest,
433 2408 466 2461 ut
495 2402 567 2462 haec
589 2401 719 2461 Ebrardi
750 2401 898 2461 sententia
920 2400 1047 2462 veritate
1071 2401 1200 2474 nitatur,
1234 2406 1269 2460 ut

150 2493 212 2552 fere
234 2492 348 2565 omnia,
385 2512 460 2569 quae
483 2493 609 2570 profert,
639 2492 714 2550 falsa
737 2491 805 2550 sint.
852 2490 939 2565 Quod
962 2491 1034 2551 satis
1058 2490 1216 2569 apparebit
1237 2489 1269 2547 in

151 2581 201 2655 eis,
225 2602 301 2658 quae
324 2587 496 2658 sequuntur,
521 2581 577 2640 etsi
599 2581 761 2660 permulta,
785 2601 861 2657 quae
884 2587 987 2639 contra
1009 2580 1177 2639 Ebrardum
1202 2599 1268 2640 con·

151 2671 342 2749 scripseram,
373 2671 454 2750 typis
477 2671 669 2749 exprimenda
693 2691 752 2730 non
776 2691 838 2730 esse
862 2670 976 2743 censui,
1006 2691 1043 2728 ne
1067 2669 1163 2729 virum
1186 2669 1268 2727 illum

151 2768 181 2821 et
211 2761 331 2820 canitiei
358 2766 530 2819 ornamento
562 2767 593 2819 et
622 2781 730 2835 magna
761 2759 927 2818 studiorum
950 2759 1094 2818 varietate
1125 2764 1155 2816 et
1184 2758 1269 2836 copia

147 2851 301 2926 juventuti
316 2870 397 2909 meae
414 2849 571 2907 admodum
586 2848 794 2920 uenerabilem,
818 2849 885 2925 plus
909 2866 996 2923 quam
1019 2848 1079 2905 fert
1102 2846 1269 2919 necessitas,

151 2959 271 3016 cogerer
293 2938 471 3015 vituperare.
519 2936 578 2997 Sed
601 2937 637 2994 de
660 2936 778 2995 nomine
802 2935 980 2996 Ouldeorum
1008 2955 1103 3015 pauca
1130 2934 1268 3014 praemit·

150 3035 212 3086 tere
232 3031 329 3103 juvat.

240 3115 358 3190 Ouldei,
382 3135 507 3192 quorum
531 3136 637 3176 nomen
659 3112 755 3188 XImi,
779 3111 893 3189 XIImi,
917 3111 1035 3173 XIIImi
1064 3116 1173 3174 saeculi
1195 3122 1268 3175 tem·

149 3206 270 3284 poribus
293 3206 463 3283 saepissime
487 3206 668 3269 occurritin
684 3206 832 3264 Hibernia
856 3212 885 3265 et
901 3203 1010 3278 Scotia,
1033 3210 1105 3264 tunc
1128 3205 1269 3283 temporis

150 3304 235 3356 erant
265 3296 364 3356 clerici
393 3296 561 3373 regulares,
597 3295 739 3354 simillimi
770 3295 918 3354 canonicis
942 3294 1052 3369 (Sirene
1074 3294 1117 3368 II,
1141 3317 1169 3372 p.
1195 3297 1269 3368 277,

152 3385 214 3446 356
239 3386 328 3464 sqq.1
352 3387 387 3444 cf.
411 3385 515 3444 Braun
538 3408 567 3464 p.
594 3386 655 3463 19),
690 3386 736 3444 vel
764 3386 869 3444 saltem
899 3385 974 3443 tales
1005 3404 1067 3443 esse
1094 3383 1268 3443 debuerunt.

150 3475 227 3534 Nam
250 3476 329 3555 apud
345 3475 530 3553 quarundam
547 3474 735 3534 ecclesiarum
751 3473 878 3535 Ouldeos
895 3473 1038 3550 (ecclesiis
1054 3474 1130 3531 enim
1147 3474 1270 3552 ascripti

151 3569 237 3622 erant
267 3585 424 3641 earumque
455 3565 568 3635 reditu,
610 3565 658 3624 vel
690 3564 810 3623 decimis
841 3564 973 3623 fidelium
1003 3563 1051 3623 uel
1082 3564 1269 3640 praediorum

150 3652 304 3726 fructibus,
327 3655 514 3729 fruebantur)
530 3654 687 3732 disciplina
709 3654 782 3712 adeo
806 3655 934 3731 collapsa
958 3659 1030 3725 erat,
1053 3659 1096 3725 ut,
1120 3673 1157 3711 ne
1173 3653 1269 3711 dicam

151 3741 188 3800 dc
210 3741 284 3815 aliis,
309 3742 397 3800 etiam
419 3743 538 3821 publice
562 3743 593 3800 in
616 3743 811 3803 matrimoniis
834 3744 881 3801 vel
905 3762 971 3801 cum
994 3741 1165 3801 concubinis
1188 3742 1268 3801 vive·

150 3837 219 3890 rent
242 3829 352 3907 (Skene
375 3831 418 3905 II,
441 3854 470 3910 p.
496 3834 558 3891 356
583 3835 648 3910 sq.).
693 3833 761 3892 Hac
783 3833 849 3911 ipsa
873 3833 908 3891 de
933 3852 1020 3890 causa
1044 3831 1177 3910 oppressi
1201 3837 1269 3890 sunt

243 4006 253 4037 ²
274 4005 367 4060 Skene
385 4005 424 4069 H,
454 4024 480 4074 p.
502 4007 567 4060 359:
599 4006 675 4072 „The
694 4006 861 4075 cemmeaity
878 4006 912 4074 of
927 4005 969 4059 ae
988 4005 1096 4059 Oaldees
1114 4022 1170 4058 was
1188 4004 1268 4074 oripi·

150 4078 227 4147 bully
244 4096 262 4131 a
281 4078 373 4147 collepe
391 4078 425 4146 of
439 4078 542 4132 secutor
561 4078 656 4147 clerpp,
676 4078 733 4131 coto
752 4077 820 4131 lived
839 4077 955 4146 topetter
973 4077 1027 4131 aad
1045 4075 1188 4130 submittet
1207 4078 1233 4129 to
1252 4093 1270 4129 a

150 4150 217 4214 cele,
238 4149 280 4204 ibe
296 4148 436 4218 principat
453 4149 631 4217 requircmcat
649 4151 684 4219 of
697 4148 782 4203 which
800 4164 855 4202 was
874 4166 891 4201 α
910 4165 1030 4202 commea
1043 4147 1129 4201 table“
1143 4179 1174 4186 —
1189 4146 1270 4215 „they

150 4237 217 4346 pere
235 4221 380 4291 ambpccs
399 4223 425 4273 to
444 4221 548 4275 ecculm
566 4226 694 4276 carme.“
731 4220 829 4274 Reeoes
852 4237 887 4274 oa
910 4219 953 4273 tte
972 4219 1078 4274 cadent
1096 4217 1222 4272 charchas
1240 4216 1274 4284 cf

175 4293 272 4364 recept
284 4310 316 4362 p.
336 4294 383 4346 21.
