3024 4920
721 233 935 290 ..84-

357 413 440 486 Quae
465 431 530 470 cum
553 411 596 470 ita
619 417 730 483 assent,
760 409 825 469 fieri
847 431 906 469 non
934 410 1045 488 potuit,
1076 409 1148 486 quin
1178 408 1295 485 saepius
1325 428 1385 466 una

267 501 389 563 ecclesia
423 500 638 560 necessitudine
673 499 837 576 attingeret
857 500 1004 558 alteram.
1057 498 1145 571 Quod
1180 496 1386 556 commercium

268 591 354 669 quale
376 589 476 662 fuerit,
500 608 675 666 cognoscere
698 588 819 646 maximi
841 588 982 646 momenti
1005 595 1050 648 cst
1077 587 1115 647 ad
1135 586 1327 662 judicandum
1350 586 1387 644 de

268 679 407 740 ecclesiae
429 677 586 737 Scotorum
608 683 726 737 natura.
756 677 833 736 Nam
857 697 922 735 cum
938 677 1087 750 Britones,
1110 684 1145 736 ut
1167 696 1256 753 supra
1273 676 1314 752 (p.
1331 675 1386 748 27)

267 768 404 840 vidimus,
427 763 595 848 relipioacm
610 762 777 846 Aaploram
789 762 952 845 pronihilo
967 763 1102 826 aberam
1124 783 1213 845 neque
1234 762 1266 823 in
1287 760 1388 844 aliquo

268 855 304 917 iia
326 854 420 936 nupia
444 853 689 915 communicarem
703 874 792 935 qaam
810 852 1283 935 papoarb(Bedah.e,2,20,§
1304 853 1389 930 147),

269 944 352 1004 Scoti
372 965 438 1004 oum
453 944 606 1017 Romanis,
629 943 758 1003 Romani
781 964 847 1003 cnm
862 941 959 1003 Sectis
982 944 1144 1003 utebantur
1167 941 1390 1015 consuetudine,

269 1055 329 1094 uon
352 1039 434 1093 arcta
458 1033 577 1110 quidem
599 1033 663 1105 illa,
688 1032 740 1091 scd
762 1032 832 1106 tali,
856 1053 931 1109 quae
954 1032 1185 1092 luculentissime
1209 1032 1390 1109 comprobat,

269 1123 366 1183 nullas
395 1121 567 1181 inimicitias
596 1121 683 1181 initio
713 1121 804 1181 fuisso
832 1121 911 1180 inter
940 1120 1096 1181 Scotorum
1127 1127 1158 1180 et
1187 1120 1391 1178 Romanorum

270 1212 415 1271 ecclesias.
460 1212 550 1284 Nam,
574 1218 609 1271 ut
631 1211 690 1271 alia
713 1209 860 1284 omittam,
883 1209 1006 1270 Birinus
1028 1211 1091 1283 illa,
1114 1209 1165 1292 qai
1186 1205 1390 1269 maranata

270 1297 401 1361 Hortarii
416 1318 520 1379 papae
540 1297 572 1359 ia
587 1295 781 1359 Britanniam
802 1307 925 1370 vennat,
948 1300 980 1358 in
1002 1299 1200 1378 praedicando
1223 1299 1316 1358 verbo
1330 1297 1391 1356 Dei
1495 1338 1498 1344 -

271 1389 458 1466 adjutoribus
488 1408 559 1449 usus
588 1395 634 1448 est
663 1387 832 1465 Oynigilso,
866 1408 936 1465 rege
967 1387 1200 1448 Occidentalium
1231 1386 1389 1458 Saxonum,

272 1499 360 1556 quem
382 1478 446 1555 ipse
470 1477 684 1554 baptizaverat,
709 1483 739 1536 et
757 1512 794 1520 —
814 1477 960 1551 Oswaldo,
983 1477 1297 1553 Nordanhymbrorum
1319 1494 1389 1552 rege

272 1575 303 1628 et
337 1585 449 1625 summo
485 1567 545 1625 suis
579 1566 763 1644 temporibus
797 1566 926 1629 omnium
960 1566 1228 1644 Anglo-Saxonum
1263 1564 1392 1636 domino,

271 1654 391 1715 Aedani
414 1654 520 1728 amico,
543 1676 561 1713 a
585 1655 682 1714 Bootis
705 1655 858 1732 baptizato
882 1655 978 1730 (Beda
1000 1655 1028 1714 h.
1053 1677 1076 1714 e.
1103 1657 1130 1728 3,
1149 1657 1177 1728 7,
1200 1656 1217 1732 ᾖ
1243 1655 1304 1710 167
1326 1655 1392 1728 sq.).

274 1744 410 1805 Secunda
432 1744 517 1803 testis
540 1744 625 1803 adest
646 1743 838 1819 Aediltryda,
861 1745 924 1803 filia
945 1744 1070 1818 Annae,
1093 1743 1172 1820 regis
1196 1740 1393 1801 Orientalium

273 1833 449 1910 Anglorum,
474 1833 526 1910 qui
542 1854 559 1891 a
576 1833 748 1893 Oantuariis
769 1831 858 1891 fidem
881 1839 1073 1911 susceperant
1095 1832 1192 1909 (Beda
1207 1831 1236 1889 h.
1253 1851 1277 1888 e.
1295 1831 1323 1904 3,
1343 1830 1392 1902 18,

274 1924 398 2000 5199).
445 1922 556 1999 Nupsit
587 1922 664 1981 enim
695 1941 772 1980 anno
796 1923 859 1980 660
883 1922 1022 1998 Egsrido,
1053 1921 1165 1982 Oswini
1187 1919 1394 1994 Nordanhym-

273 2013 395 2070 brorum
417 2009 497 2087 regis
519 2010 589 2083 filio,
613 2017 644 2070 et
666 2011 821 2070 duodecim
844 2012 929 2069 annis
952 2018 1020 2088 post
1035 2047 1079 2055 -
1094 2011 1168 2069 illud
1183 2009 1302 2086 quidem
1324 2014 1395 2085 post

274 2100 417 2176 synodum
442 2098 769 2158 Strenaeshalchensem
793 2135 829 2143 —
852 2100 945 2158 vitam
968 2100 1169 2159 monachicam
1192 2104 1237 2158 est
1259 2098 1396 2174 amplexa

274 2189 306 2246 in
329 2196 430 2246 vetare
452 2187 610 2247 Scotorum
632 2189 825 2260 monasterio,
856 2188 963 2247 Ooludi
984 2190 1058 2248 urbe
1082 2188 1179 2265 (Beda
1200 2188 1229 2245 h.
1250 2207 1275 2245 e.
1297 2187 1395 2257 4,19‚

275 2277 373 2356 §309
391 2279 469 2353 sq.),.
487 2277 614 2352 denique
641 2297 700 2335 nno
730 2282 880 2337 transacto
909 2297 986 2336 anno
1010 2277 1075 2354 ipsa
1097 2297 1206 2336 novum
1230 2274 1397 2335 construxit

275 2365 500 2438 monasterinm,
532 2365 620 2442 Blge,
651 2365 682 2422 in
704 2365 859 2442 provincia
883 2365 1079 2425 Orientalium
1103 2365 1284 2444 Anglorum,
1316 2363 1397 2439 quod

275 2454 432 2514 Scotorum
464 2452 650 2514 monasteriis
678 2455 751 2514 adeo
783 2455 877 2514 simila
906 2455 997 2514 fuisse
1020 2455 1151 2529 videtur,
1185 2460 1220 2513 ut
1241 2451 1397 2512 Bbrardus

277 2547 317 2621 (p.
335 2543 412 2619 204)
436 2544 578 2620 temporis
602 2544 727 2602 calculos
759 2544 921 2603 subduccre
946 2544 1086 2603 omittens
1116 2545 1196 2604 inter
1217 2541 1398 2601 monasteria

276 2631 493 2706 „Ouldeorum“
516 2632 652 2691 videatur
675 2652 844 2692 numerasse
867 2633 942 2691 illud
964 2632 1183 2692 monasterinm.
1201 2667 1240 2677 -
1263 2629 1398 2690 Tertiam

277 2727 384 2780 testam
407 2721 567 2797 producam
590 2721 714 2779 Hildam
737 2722 918 2781 abbatissam
941 2720 1274 2781 Strenaeshalchenscm.
1313 2719 1400 2778 Haec

277 2809 355 2868 enim
378 2808 420 2868 ad
435 2808 686 2890 praalicuta'oacm
709 2806 839 2886 Paulini,
858 2808 957 2888 primi
977 2805 1301 2889 Nordanhymbromm
1322 2805 1397 2886 epis-

277 2897 460 2981 copi,fidam
483 2907 508 2958 et
529 2907 713 2959 aacromaata
737 2893 848 2959 ababa
868 2908 1032 2978 acceparat
1062 2906 1092 2959 et
1122 2904 1226 2978 postea
1248 2898 1401 2974 integrum

278 3008 387 3047 annum
411 2988 531 3047 vivebat
553 2988 584 3046 in
607 2989 786 3047 monasterio
810 2989 841 3047 in
862 2987 1064 3048 Orientalibus
1087 2988 1197 3064 Anglis
1220 2991 1402 3061 constructo,

279 3076 352 3152 quin
376 3076 465 3134 etiam
488 3075 677 3135 desiderabat
698 3077 730 3134 in
754 3075 883 3135 Galliam
910 3079 1082 3155 pervenire:
1118 3078 1169 3136 sed
1198 3081 1339 3136 revocata
1367 3076 1402 3136 in

279 3163 408 3241 patriam
431 3165 469 3222 ab
493 3164 618 3223 Aedano
648 3165 786 3242 episcopo
817 3166 969 3225 abbatissa
991 3165 1298 3225 Strenaeshalchcnsis
1320 3165 1401 3226 facta

181 3284 184 3289 ,
280 3258 325 3311 est
348 3253 432 3310 etin
455 3253 566 3328 synodo
594 3253 625 3312 in
655 3253 749 3330 ipsius
776 3254 955 3314 monasterio
983 3254 1087 3314 habita
1110 3276 1129 3314 a
1151 3254 1308 3314 Scotorum
1331 3274 1400 3331 par·

280 3341 361 3401 tibus
392 3342 478 3400 stetit
507 3342 603 3418 (Beda
630 3342 658 3399 h.
683 3364 707 3401 e.
732 3343 765 3416 4,
790 3344 845 3416 23,
876 3344 893 3420 ξ
919 3344 981 3402 323
1006 3364 1086 3420 sqq.;
1122 3345 1154 3414 3,
1179 3344 1234 3416 25,
1265 3345 1283 3421 ξ
1314 3343 1400 3419 228).

281 3431 426 3504 Quartam
454 3431 580 3507 denique
608 3432 727 3489 nomino
750 3431 938 3505 Banfledam,
973 3432 1106 3492 Aeduini
1135 3432 1214 3510 regis
1243 3431 1348 3503 filiam,
1383 3451 1402 3490 a

280 3519 408 3577 Paulino
432 3520 615 3596 baptizatam
639 3520 679 3594 (11.
696 3541 719 3578 a.
737 3522 765 3592 2,
784 3523 812 3593 9,
829 3522 847 3598 ξ
868 3521 952 3596 114),
977 3541 1052 3599 quae
1074 3527 1178 3599 postea
1202 3521 1266 3599 regi
1282 3520 1403 3579 Oswino

280 3607 385 3684 nupsit
408 3608 448 3683 (h.
469 3629 493 3666 e.
517 3609 545 3680 3,
569 3608 618 3680 15,
642 3610 659 3686 ξ
684 3610 767 3685 191).
793 3644 830 3654 -
858 3609 918 3668 Sed
946 3630 983 3667 nc
1009 3611 1097 3686 plura
1126 3609 1296 3685 hujusmodi
1316 3609 1402 3669 testi·

281 3696 381 3755 monia
411 3697 565 3774 proferens
594 3698 761 3756 molestiam
791 3697 913 3756 afferam
946 3698 1129 3775 legentibus,
1164 3704 1327 3758 extremum
1362 3697 1404 3758 sit

282 3805 518 3857 commemorare,
543 3785 622 3861 quod
645 3786 725 3864 ipsos
748 3787 902 3863 utriusque
926 3788 1064 3846 ecclesiae
1088 3787 1209 3847 clericos
1232 3785 1404 3864 saepissime

283 3875 449 3933 invenimus
472 3874 504 3931 in
527 3894 587 3933 una
608 3875 761 3952 provincia
784 3876 933 3948 vivantas3
969 3877 1087 3935 nomino
1110 3877 1259 3936 Jacobum
1281 3876 1405 3935 Paulini

283 3962 415 4039 episcopi
438 3962 607 4037 diaconum,
638 3965 689 4041 qui
712 3965 840 4022 Paulino
869 3966 990 4041 expulso
1017 3965 1049 4022 in
1077 3965 1336 4041 Nordanhymbria
1358 3985 1403 4025 re·

283 4051 370 4109 lictus
394 4051 490 4126 (Beda
505 4052 533 4109 h.
549 4073 573 4110 a.
591 4054 619 4126 2,
638 4054 721 4130 20‚§
741 4053 816 4129 149)
839 4053 883 4111 ibi
905 4074 959 4130 per
982 4060 1078 4112 totum
1101 4060 1226 4133 tempus,
1250 4073 1308 4130 quo
1332 4052 1404 4113 Sco·

284 4145 383 4198 torum
406 4140 527 4199 ecclesia
550 4141 688 4214 florebat,
719 4148 870 4218 superstes
900 4144 1040 4202 manebat
1069 4162 1163 4218 usque
1193 4143 1231 4201 ad
1259 4143 1405 4220 synodum

284 4227 610 4288 Strenaeshalchensem
626 4230 667 4305 (h.
684 4252 708 4289 e.
726 4231 754 4303 3,
773 4230 823 4302 25,
844 4231 861 4307 ξ
879 4232 942 4288 226
960 4238 990 4290 et
1006 4232 1092 4308 228),
1115 4231 1221 4290 deinde
1236 4232 1406 4291 Romanum

284 4317 503 4395 presbyterum,
533 4319 584 4395 qui
608 4338 673 4377 cum
697 4319 841 4378 Banfleda
864 4320 966 4397 regina
988 4320 1020 4378 in
1042 4320 1332 4396 Nordanhymbriam
1354 4341 1406 4381 ve·
