3024 4920
654 155 868 211 ..21-

204 347 283 394 mum
299 335 488 414 conspicuum
503 339 559 412 est,
584 333 662 412 quod
686 331 828 392 dissensio
852 331 904 390 illa
927 352 985 390 non
1010 330 1114 406 effecit,
1137 336 1171 390 ut
1193 329 1319 392 schisma

204 431 338 484 oreretur
359 424 390 482 in
413 423 550 491 Francia.
636 459 637 464 κ
1135 447 1137 450 ’

292 513 376 572 Idem
404 514 440 572 de
468 518 590 572 tonsura
613 511 768 570 dicendum
792 516 844 570 est.
890 509 1067 584 Tonsuram,
1099 529 1158 588 qua
1179 510 1318 570 Britones

204 607 247 680 (66
264 602 353 676 Scoti,
377 608 412 661 ut
426 603 505 660 infra
521 601 698 677 videbimus)
714 600 883 673 utebantur,
907 600 995 659 aliam
1018 600 1108 659 fuisse
1132 606 1221 677 atque
1245 620 1318 674 eam,

204 713 279 770 quae
302 693 456 751 dicebatur
479 697 508 751 66
531 691 640 750 dieitur
662 683 785 749 tonsura
813 709 952 763 coronae,
984 709 1042 766 qua
1064 689 1192 748 Romani
1216 695 1245 748 66
1268 689 1319 748 6111

204 789 289 842 erant
311 782 430 854 attonsi,
454 780 532 840 inter
555 799 655 839 omnes
677 785 802 839 6666666.
847 776 907 838 Sed
930 779 1026 856 qualis
1053 779 1144 838 fuerit
1170 780 1229 847 ista*
1250 779 1317 837 Bri-

202 877 305 931 tonum
329 876 468 930 tonsurae
490 872 597 943 forma,
628 888 687 928 non
711 889 803 945 66666
826 873 928 928 notum
952 872 1004 928 666.
1051 868 1102 927 An
1124 867 1189 927 fieri
1211 875 1318 948 potest,

202 967 237 1019 ut
259 961 340 1019 nisus
363 960 462 1020 verbis
482 958 659 1031 Mabilionis,
683 979 758 1034 quae
772 957 899 1018 Jaffsius
923 957 1123 1033 (Bibliotheca
1145 978 1201 1016 rer.
1218 957 1318 1017 Germ.

202 1049 262 1123 III,
286 1071 315 1128 p.
332 1051 372 1107 26
397 1056 457 1109 not.
474 1051 506 1126 8)
523 1042 748 1126 transscripsit:
773 1043 911 1108 3666666
934 1045 1107 1107 anteriorem
1129 1045 1232 1127 eapitis
1241 1067 1316 1128 par·

202 1135 395 1218 16666661116
418 1134 709 1198 66616666666666
731 1135 769 1195 ab
791 1155 863 1197 6666
885 1136 927 1196 od
949 1156 1064 1208 666666,
1089 1135 1254 1216 posteriore
1274 1135 1316 1196 16-

202 1236 297 1298 tonsa,
320 1229 418 1286 animo
442 1227 567 1305 effingas
590 1227 671 1285 11166
694 1231 834 1287 tonsurae
856 1225 1002 1285 formam?
1026 1226 1132 1285 Melius
1154 1227 1232 1285 idem
1254 1227 1316 1286 116-

157 1341 158 1346 “
201 1317 272 1376 bilio
296 1317 366 1376 Act.
390 1315 436 1390 Π,
467 1337 494 1394 p.
523 1317 584 1374 120
608 1316 660 1375 vit.
689 1315 774 1375 Eust.
804 1337 870 1374 ann.
897 1316 973 1386 625,
1006 1317 1047 1374 12
1072 1322 1132 1375 not.
1156 1315 1176 1373 b
1199 1324 1319 1376 6666666

202 1401 371 1477 [libanica
394 1406 500 1483 inquit,
523 1403 712 1466 dimidiatum
735 1402 1049 1466 66666666666166666
1072 1402 1175 1465 66611666
1195 1403 1231 1465 ab
1247 1424 1319 1464 aura

201 1495 242 1554 od
264 1514 367 1556 666666
383 1514 442 1574 per
456 1493 590 1578 fraretum
610 1494 642 1553 in
664 1513 802 1554 66666666
825 1513 923 1555 coesus
947 1502 1009 1554 erut
1030 1491 1162 1575 capellus,
1186 1493 1224 1553 ab
1246 1513 1318 1555 6666

201 1583 242 1644 ud
269 1603 371 1645 666666
390 1603 450 1667 per
477 1582 641 1665 nospitium
662 1582 791 1644 666666
814 1582 999 1664 dependebat.
1046 1584 1128 1644 Talis
1151 1584 1229 1643 enim
1253 1590 1318 1643 erat

199 1673 357 1734 Britonum
393 1681 532 1747 tonsura,
568 1682 599 1733 66
633 1671 676 1739 16
690 1671 801 1757 frontis
836 1671 984 1757 6666661666
1017 1693 1139 1734 coronae
1173 1673 1318 1734 videretur

199 1762 320 1844 66661666
344 1762 515 1845 praeferam
548 1761 598 1823 6661
619 1760 671 1822 att
691 1761 733 1823 aa
756 1761 892 1823 66666666
914 1761 1124 1823 6666666616
1140 1761 1315 1844 penetrarat,

200 1851 380 1912 6166666666
403 1871 480 1924 eam,
504 1871 595 1934 quum
616 1861 643 1913 te
664 1850 761 1912 6661666
778 1849 922 1934 prestus,
951 1850 1074 1912 iuvenies
1096 1872 1235 1913 66666666
1258 1855 1314 1930 (ep.

200 1941 343 2001 Oeolfridi
366 1941 446 2020 apud
469 1942 582 2000 Bedam
604 1942 632 1999 h.
656 1961 680 1999 6.
706 1942 734 2013 5,
759 1943 798 1999 21
825 1942 843 2018 ξ
868 1941 954 2017 440).

288 2031 355 2090 Η66
378 2031 480 2090 eadem
507 2037 629 2090 tonsura
656 2031 687 2088 in
711 2029 811 2089 Gallia
842 2050 958 2107 quoque
988 2029 1127 2094 Britones
1155 2051 1223 2091 usos
1253 2051 1316 2090 essa
1385 2083 1387 2085 ,

197 2119 398 2180 testimonium
427 2125 473 2179 est
501 2118 639 2198 Gregorii
667 2118 847 2178 Turonensis
874 2120 975 2178 hoece:
1010 2115 1214 2202 Fredeyuedis

198 2205 409 2291 Bajooossireos
424 2203 555 2269 8666666
572 2210 601 2285 (1.
619 2230 642 2267 6.
664 2229 722 2282 eos,
746 2209 798 2285 qui
820 2229 913 2287 prope
936 2205 1104 2288 „Buyeuffl
1126 2209 1315 2287 habitabant)

192 2295 281 2379 jueta
306 2297 395 2359 ritum
423 2294 642 2358 Britannorum
663 2307 760 2358 666666
775 2342 781 2356 .
799 2342 805 2356 .
823 2342 829 2356 .
846 2343 853 2356 .
870 2297 1023 2379 praecepit
1046 2299 1085 2375 (h.
1110 2320 1133 2358 6.
1156 2300 1197 2373 X,
1223 2301 1251 2358 9.
1275 2300 1315 2357 Η.

199 2388 257 2446 aud
280 2387 323 2447 St.
347 2388 389 2462 Π,
417 2390 431 2446 l
457 2409 486 2466 p.
511 2390 574 2466 78).
622 2387 734 2447 Tamen
765 2388 800 2446 de
830 2389 892 2447 6116
923 2388 1139 2464 controversia,
1175 2410 1249 2468 quae
1279 2410 1315 2446 ex

198 2476 252 2534 has
283 2477 404 2556 propria
434 2477 594 2536 Britonum
624 2477 766 2537 tondendi
796 2477 910 2536 ratione
942 2484 1009 2538 orta
1040 2485 1117 2538 esset
1147 2479 1178 2537 in
1207 2477 1314 2553 Gallia,

198 2566 355 2625 memorias
377 2567 419 2624 nil
441 2567 593 2647 proditum
617 2572 669 2626 666.

285 2655 322 2715 16
337 2655 486 2734 Hispania
508 2662 606 2716 autem
630 2657 661 2714 in
684 2656 808 2715 oonsilio
833 2656 977 2717 Toletano
1000 2656 1047 2716 IV
1068 2678 1136 2716 ann.
1162 2657 1225 2716 633
1249 2665 1314 2716 ton·

196 2765 281 2805 surae
308 2746 404 2804 forma
432 2746 512 2825 apud
538 2747 678 2806 Britones
705 2747 816 2806 usitate
843 2747 1046 2806 comdemnata
1073 2753 1128 2807 est.
1173 2746 1250 2807 Nam
1279 2748 1316 2806 de

196 2835 254 2894 alia
282 2836 409 2912 quadam
437 2835 527 2894 tertia
557 2842 680 2894 tonsura
706 2837 802 2893 forma
835 2835 864 2892 in
896 2835 1007 2911 synodo
1040 2835 1092 2894 1116
1125 2841 1223 2893 66666
1255 2856 1314 2895 666

196 2945 258 2984 6666
282 2929 408 3003 apparet
431 2923 541 3001 partim
565 2943 602 2980 ex
624 2922 722 2983 verbis
744 2922 816 3000 ipsis
839 2928 978 2984 tonsurae
1000 2923 1125 2983 formam
1148 2924 1314 2983 describen-

195 3014 287 3086 tibus,
317 3032 393 3089 quae
422 3011 464 3070 sie
492 3011 604 3090 scripta
626 3018 707 3072 sunt:
742 3009 1312 3074 66666616666661166666666166616-

195 3100 268 3160 66666
295 3109 321 3160 et
348 3100 510 3161 6666616666
542 3099 659 3162 61666666
690 3100 823 3183 supertes
855 3111 911 3162 toto
944 3101 1036 3186 666666
1066 3101 1189 3184 offertus
1221 3101 1315 3164 solam

195 3188 296 3250 666616
317 3209 456 3250 aaronem
478 3186 653 3274 6611666666,
681 3211 739 3251 666
762 3190 833 3250 aeret
855 3188 999 3273 66666666
1021 3190 1052 3251 ia
1077 3185 1220 3253 (6161116166
1236 3213 1312 3273 por·
1405 3226 1407 3230 ,

194 3279 269 3340 61666
282 3277 387 3364 faeere
409 3276 525 3340 16666666
547 3279 694 3352 metentur,
727 3278 922 3363 6616661666
945 3290 976 3341 at
1000 3278 1178 3341 1666166666
1200 3280 1231 3341 66
1253 3281 1315 3343 eolo

195 3369 297 3450 capitas
332 3367 414 3450 apice
446 3368 595 3430 modicum
629 3366 770 3429 66661666
804 3369 927 3430 tondeat
974 3366 1063 3430 Reus
1093 3368 1169 3430 66166
1203 3370 1254 3431 tete
1283 3371 1314 3431 ta

195 3454 346 3537 Hispania
375 3455 519 3541 66666666
546 3456 755 3520 haeretieorum
778 3468 840 3520 erut
863 3462 956 3536 (6666.
980 3458 1045 3519 Τ61.
1068 3460 1123 3534 IV,
1148 3481 1210 3520 ean.
1234 3461 1313 3521 XLI

195 3546 235 3604 H.
252 3546 428 3622 66618611,
453 3551 467 3606 1
486 3570 515 3627 p.
534 3550 596 3625 99),
620 3549 730 3627 partim
753 3549 821 3608 inde
846 3549 924 3627 quod
947 3549 979 3607 in
1002 3547 1130 3609 Gallioia
1153 3549 1312 3610 Britonum

196 3635 340 3695 coloniam
362 3637 452 3696 fuisse
476 3637 552 3696 61166
573 3659 676 3698 666666
692 3640 887 3717 comprobant
903 3640 955 3715 (H.
972 3640 1030 3698 and
1045 3637 1088 3699 St.
1105 3639 1148 3712 H,
1168 3641 1183 3697 1
1202 3662 1230 3718 p.
1248 3640 1311 3720 99).

195 3724 293 3801 Hujus
312 3724 470 3785 Britonum
494 3732 633 3787 tonsurae
657 3733 732 3807 6666
754 3728 845 3787 fuerit
867 3728 959 3805 origo,
982 3729 1086 3788 iisdem
1108 3729 1238 3788 tenebris
1261 3730 1311 3788 ob·

193 3819 342 3890 scuratur,
370 3835 445 3891 quae
475 3817 594 3876 omnino
623 3825 763 3878 tonsurae
793 3817 962 3896 primordiis
993 3818 1137 3877 obductae
1165 3824 1234 3878 sunt
1263 3819 1310 3894 (of.

194 3903 371 3976 Hinsohius‚
406 3903 624 3966 Kirohenreoht
646 3907 672 3980 I,
701 3929 730 3984 p.
757 3907 841 3983 104).
888 3906 1001 3966 Tamen
1029 3907 1144 3966 concilii
1172 3907 1311 3966 Toletani

193 3993 280 4052 illud:
303 3990 395 4064 „attus
416 3992 493 4053 euim
506 3992 557 4056 iste
572 3992 717 4077 hueusque
738 3992 946 4055 6666666666
969 4005 1056 4070 66663
1081 4017 1146 4054 666
1168 3996 1311 4056 haeretiei

194 4082 237 4141 illi
262 4090 341 4142 certo
365 4102 424 4140 non
447 4083 632 4160 intelligendi
655 4086 715 4145 sint
738 4084 877 4144 Britones
902 4121 942 4129 -
967 4107 1034 4144 nem
1056 4086 1135 4146 inter
1158 4086 1311 4164 episcopos

194 4192 257 4245 eos,
293 4172 344 4249 qui
373 4172 477 4248 synodi
505 4175 624 4233 statutis
652 4174 903 4252 subscripserunt,
938 4175 1092 4254 episeopus
1124 4175 1243 4250 quidam
1274 4176 1310 4233 de

193 4259 368 4322 Britonibus
384 4261 533 4341 reperitur
554 4298 587 4305 -
608 4263 808 4325 demonstrare
823 4270 923 4342 potest
938 4264 1014 4324 huno
1027 4265 1185 4326 Britonum
1200 4284 1309 4324 morem
