3024 4920
646 215 862 280 ..3ο-

198 399 398 460 controversia
430 400 590 478 composita
618 406 671 459 est.
717 400 798 478 Ergo
821 399 1072 459 ultra.saeculum
1096 406 1232 460 octavum
1255 420 1315 459 non

185 490 430 568 progrediemur.

286 580 370 638 Haec
400 579 500 657 priora
530 579 669 638 ecclesiae
692 578 847 639 Scotorum
879 581 995 638 saecula
1025 579 1139 638 duabus
1167 579 1315 638 aetatibus

198 669 493 747 comprehenduntur,
517 689 577 727 una
597 669 825 746 primordiorum
841 688 934 745 usque
950 669 987 726 ad
1003 668 1171 741 Columbae,
1196 668 1315 727 abbatis

197 759 339 831 Hiiensis,
362 763 495 835 tempora
519 760 572 834 (ca
592 758 677 835 565),
701 759 796 816 altera
819 759 886 816 inde
910 759 947 816 ab
972 778 1049 816 anno
1074 758 1136 815 565
1162 777 1254 834 usque
1277 759 1315 815 ad

199 847 346 906 saeculum
369 868 487 906 nonum.
526 847 690 924 Utriusque
714 848 800 922 hujus
824 848 931 906 aetatis
954 846 1078 905 historia
1093 847 1182 905 scribi
1202 847 1315 924 nequit,

168 980 171 986 .
198 958 266 994 nam
289 937 347 995 nisi
370 937 406 995 de
429 937 532 1016 paucis
556 938 665 996 sanctis
689 938 779 995 etde
802 937 904 1014 paucis
928 937 1066 995 ecclesiae
1090 937 1226 1013 partibus
1242 940 1313 994 certi

198 1026 311 1103 aliquid
341 1047 400 1084 non
432 1031 556 1085 constat.
602 1026 689 1100 Quod
720 1026 805 1085 nobis
835 1026 931 1089 minus
963 1025 1120 1083 dolendum
1152 1033 1197 1084 est
1226 1046 1314 1101 quam

197 1136 294 1174 rerum
318 1117 523 1194 scriptoribus,
555 1114 621 1174 cum
641 1120 703 1192 jam
727 1137 763 1174 ex
786 1116 834 1189 iis,
867 1136 943 1192 quae
967 1115 1003 1173 de
1026 1114 1150 1191 sin‘gulis
1173 1115 1245 1174 viris
1267 1116 1315 1173 vel

197 1207 234 1263 de
258 1205 383 1282 singulis
408 1205 547 1263 ecclesiae
570 1206 707 1283 partibus
730 1206 843 1264 tradita
864 1212 940 1278 sunt,
964 1226 1039 1281 quae
1054 1204 1146 1263 fuerit
1161 1205 1315 1263 universae

198 1295 338 1354 ecclesiae
361 1301 477 1367 natura,
501 1295 639 1371 cognosci
661 1296 757 1354 liceat.
796 1294 904 1370 Itaque
928 1315 993 1352 cum
1016 1295 1047 1353 iu
1068 1294 1189 1353 alterius
1205 1295 1241 1351 de
1257 1314 1316 1370 qua

198 1384 340 1457 diximus,
375 1385 482 1443 aetatis
513 1385 611 1463 priore
642 1391 728 1462 parte
760 1383 817 1442 duo
848 1384 1034 1462 potissimum
1066 1383 1137 1456 viri,
1172 1383 1316 1442 Columba

199 1474 332 1532 Hiiensis
356 1481 386 1532 ct
413 1473 558 1532 Columba
581 1473 778 1532 Luxoviensis
807 1494 842 1530 ex
872 1473 1052 1532 umbraculis
1079 1473 1254 1550 procedant,
1284 1473 1316 1530 in

197 1563 290 1622 altera
321 1568 419 1621 autem
449 1569 534 1640 parte
566 1562 603 1620 de
631 1584 690 1621 una
713 1563 852 1622 ecclesiae
875 1568 972 1640 parte,
1003 1562 1315 1638 Nordanhymbrorum

197 1652 327 1726 ecclesia,
343 1652 430 1730 plura
446 1657 590 1725 constent,
606 1653 733 1730 primum
749 1652 785 1711 de
802 1652 980 1730 primordiis,
997 1651 1102 1710 deinde
1119 1653 1154 1709 de
1171 1651 1316 1710 Columba

196 1742 327 1815 Hiiensi,
357 1747 422 1800 tum
450 1742 579 1820 seposito
608 1743 645 1800 ad
673 1749 790 1820 tempus
814 1741 958 1801 Columba
981 1740 1174 1814 Luxoviensi,
1205 1741 1315 1818 quippe

197 1830 249 1909 qui
265 1853 301 1890 ex
317 1831 415 1909 patria
432 1831 628 1908 emigraverit,
645 1832 681 1888 de
693 1831 1007 1907 Nordanhymbrorum
1020 1831 1149 1903 ecclesia,
1166 1837 1315 1908 postremo

196 1921 232 1980 de
257 1919 401 1980 Columba
422 1920 605 1980 Luxoviensi
629 1926 658 1980 et
682 1920 718 1979 de
741 1921 787 1995 iis,
812 1921 862 1998 qui
887 1942 951 1979 cum
976 1941 1010 1978 eo
1034 1921 1080 1980 vel
1104 1926 1173 1997 post
1196 1941 1260 1977 cum
1285 1920 1315 1976 in

196 2009 296 2070 Gellia
320 2019 350 2070 et
373 2009 535 2071 Germania
558 2011 835 2088 peregrinabantur,
860 2010 1061 2070 disserendum
1084 1999 1170 2068 uobis
1194 2010 1259 2067 erit.

672 2153 840 2218 Primordlls

194 2279 300 2356 igitur,
331 2278 367 2335 de
398 2279 506 2353 quibus
536 2277 663 2354 primum
692 2276 847 2334 dicendum
873 2281 929 2350 est,
960 2280 1021 2334 tam
1045 2275 1152 2333 densae
1175 2275 1315 2334 tenebrae

195 2367 304 2426 offusae
336 2373 417 2440 sunt,
451 2372 485 2426 ut
511 2365 687 2445 perdifficile
715 2365 755 2424 sit
782 2365 818 2424 de
834 2366 895 2424 'hac
914 2364 1016 2457 priore
1041 2371 1138 2425 aetate
1162 2365 1314 2424 disserere.

194 2457 295 2516 Facile
324 2462 413 2530 esset,
444 2456 470 2514 si
497 2455 747 2531 acquiesceremus
775 2455 933 2514 refutanda
956 2474 1057 2513 eorum
1080 2455 1231 2532 opinione,
1263 2454 1314 2532 qui

195 2546 378 2605 contendunt
401 2545 636 2622 antiquissimam
657 2549 720 2621 jam
736 2543 893 2604 Scotorum
914 2545 1066 2604 ecclesiam
1082 2564 1151 2602 cum·
1169 2545 1314 2604 catholica

195 2656 254 2693 non
284 2635 315 2693 in
343 2635 478 2694 omnibus
503 2634 690 2694 consensisse.
735 2635 811 2694 Nam
835 2636 949 2693 nullum
971 2639 1068 2693 exstat
1091 2633 1180 2693 ullius
1203 2633 1313 2692 dissen-

194 2724 284 2784 sionis
312 2724 513 2784 testimonium
541 2745 636 2801 neque
663 2723 721 2802 ipsi
745 2723 809 2783 aliis
834 2723 1014 2801 argumentis
1038 2728 1163 2781 utuntur
1186 2723 1242 2782 nisi
1265 2723 1312 2780 de·

197 2815 323 2894 sumptis
351 2835 387 2872 ex
409 2814 607 2893 posteriorum
631 2819 797 2891 temporum
820 2814 917 2872 rebus.
955 2813 1042 2870 Hanc
1065 2817 1164 2870 autem
1179 2832 1312 2890 perscru-

194 2905 302 2964 tandae
326 2904 514 2980 antiquitatis
537 2903 682 2963 rationem
706 2902 924 2961 fallacissimam
948 2923 1010 2962 esse
1033 2903 1087 2960 hoc
1112 2921 1228 2977 quoque
1249 2902 1312 2959 loco

194 3015 230 3052 ex
253 2994 289 3052 iis
313 3000 446 3071 apparet,
470 3012 546 3071 quae
569 2997 649 3052 certo
670 2993 776 3051 seimus
800 2990 836 3050 de
860 2992 999 3051 ecclcsiae
1015 2989 1171 3051 Scotorum
1187 2991 1311 3068 primor-

194 3083 257 3141 diis.
305 3081 432 3140 Oonstat
463 3081 540 3139 enim
567 3080 647 3139 inter
674 3101 774 3139 omnes
798 3080 975 3154 Patricium,
1006 3081 1126 3140 natione
1149 3079 1312 3152 Britonem,

194 3169 348 3229 Scotorum
372 3169 477 3228 haberi
500 3170 675 3247 apostolum,
700 3189 803 3246 neque,
827 3176 861 3228 ut
884 3175 988 3248 postea
1011 3168 1186 3241 videbimus,
1210 3168 1312 3227 fictum

194 3265 239 3320 est
262 3279 328 3318 eum
351 3260 450 3337 priore
474 3259 583 3318 saeculi
607 3258 704 3336 quinti
727 3264 812 3337 parte
835 3257 923 3316 fidem
945 3258 1135 3318 christianam
1156 3259 1186 3314 in
1203 3257 1311 3315 Hiber-

193 3350 272 3409 niam
297 3348 439 3408 attulisse.
479 3347 561 3426 Ergo
586 3368 650 3406 cum
675 3347 832 3406 Britonum
856 3344 978 3407 ecclesia
1002 3369 1036 3406 ea
1052 3347 1116 3424 ipsa
1132 3351 1230 3405 aetate
1247 3366 1312 3404 cum

192 3438 328 3498 Romana
342 3437 463 3497 eeclesia
476 3438 593 3497 omnino
607 3437 794 3510 consentiret,
808 3435 963 3496 Scotorum
977 3456 1093 3515 quoque
1106 3435 1312 3511 antiquissima

194 3528 316 3588 ecclesia
340 3549 357 3586 a
379 3526 524 3586 Romanis
547 3527 702 3586 dissentire
726 3547 784 3585 non
807 3527 914 3606 potuit.
960 3525 1055 3584 Immo
1079 3530 1195 3584 tantum
1220 3527 1311 3598 abest,
1392 3594 1394 3598 7

194 3622 227 3677 ut
250 3615 455 3693 antiquissima
472 3614 627 3674 Scotorum
652 3616 774 3674 ecclesia
798 3637 863 3675 cum
878 3614 1021 3674 Romanis
1044 3634 1102 3672 non
1124 3613 1311 3686 consenserit,

193 3713 227 3766 ut
255 3705 413 3766 verisimile
443 3705 494 3777 sit,
526 3704 614 3765 fidem
644 3705 834 3764 christianam
858 3725 916 3762 non
940 3705 1002 3762 sine
1027 3724 1117 3782 opera
1140 3704 1312 3782 pontificum

194 3797 397 3855 Romanorum
425 3793 455 3853 in
479 3794 657 3855 Hiberniam
685 3795 806 3854 allatam
830 3814 901 3854 esse.
949 3793 1035 3867 Quod
1058 3798 1092 3851 ut
1115 3796 1311 3871 comprobem,

194 3885 390 3945 necessarium
419 3885 524 3962 putavi
550 3885 651 3964 paullo
674 3884 827 3944 verbosius
850 3882 887 3941 de
910 3884 1048 3942 ecclesiae
1072 3881 1229 3943 Scotorum
1251 3882 1310 3960 pri·

193 3974 314 4034 mordiis
338 3974 490 4033 disserere.
1034 3994 1037 4002 ·

283 4063 417 4123 Fuerunt
433 4083 502 4123 vero
519 4063 550 4122 in
562 4062 710 4122 Hibernia
726 4066 803 4121 anno
821 4059 938 4120 circiter
950 4060 1011 4119 431
1027 4062 1170 4136 nonnulli,
1186 4061 1311 4137 quisine

194 4175 283 4232 opera
298 4151 509 4227 Romanorum,
532 4156 566 4211 ut
590 4153 715 4225 videtur,
740 4151 778 4210 ad
801 4151 992 4210 christianam
1012 4149 1099 4209 fidem
1116 4149 1311 4223 transiissent,

194 4243 246 4305 sed
268 4243 408 4322 perpauci
432 4248 526 4316 erant,
548 4262 617 4300 nam
641 4241 743 4300 eodem
758 4241 823 4318 ipso
839 4260 916 4300 anno
933 4246 1009 4300 teste
1025 4241 1173 4317 Prospero
1190 4237 1311 4314 (Chron.

194 4354 240 4412 op.
264 4332 355 4392 editio
378 4331 503 4391 Bassani
531 4326 613 4390 1782
642 4330 667 4403 I,
691 4351 720 4408 p.
744 4330 823 4402 4013
855 4330 895 4388 H.
918 4331 977 4389 and
1001 4328 1046 4390 St.
1069 4328 1112 4401 II,
1137 4329 1156 4385 2
1180 4349 1208 4405 p.
1235 4330 1311 4404 290)
