3024 4920
720 214 939 272 ..50-

270 402 306 453 ut
325 393 439 471 opinor,
463 414 481 451 a
495 393 628 452 Patricio
652 393 732 452 dicta
755 415 818 452 esse
841 400 970 453 testatur
987 392 1179 466 Tirechanus,
1202 392 1275 453 haec
1298 394 1396 452 adhuc

269 483 370 556 hodie,
400 483 535 560 quamvis
559 483 695 541 mutilata
719 484 780 542 sint
802 484 862 555 vel,
894 483 920 541 si
942 483 1049 555 mavis,
1080 504 1139 541 non
1163 489 1251 541 aucta
1274 489 1397 544 exstant

269 574 300 631 in
325 572 452 649 epistula
476 574 517 648 (9.
538 593 566 649 p.
585 573 676 648 318):
710 567 777 631 Deo
803 571 930 652 pretias:
963 571 1108 632 credentes
1136 580 1161 631 et
1189 570 1331 654 baptizati
1357 571 1396 632 de

269 658 384 721 saccale
411 658 577 720 recessisstis
604 659 646 720 ad
668 659 857 740 paradisum.
904 661 984 734 Quin
1015 661 1108 739 etiam·
1137 681 1211 737 quae
1242 662 1274 718 in
1306 661 1395 721 dietis

242 774 250 794 ·
269 751 328 810 illis
351 755 517 828 sequuntur
540 750 650 828 optime
675 751 821 826 quadrare
838 751 976 810 videntur
998 750 1043 823 iis,
1067 771 1142 826 quae
1167 757 1395 810 commemorato

270 840 415 918 epistulae
444 840 508 897 loco
536 838 686 898 Patricius
714 839 854 898 disseruit
882 840 1033 898 affirmans
1066 859 1096 898 se
1123 860 1213 897 unum
1244 841 1395 916 baptisma

270 936 301 988 et
323 949 413 986 unum
438 928 524 986 deum
547 928 671 1001 babere,
695 929 834 1001 eundem,
858 949 945 1005 quem
969 928 1020 986 alii
1043 928 1215 987 Christiani.
1261 929 1303 987 Et
1327 928 1395 1005 quis

270 1018 379 1077 audeat
409 1017 587 1076 contendere
620 1038 686 1074 eum
718 1018 769 1093 qui
800 1019 836 1075 de
864 1015 970 1077 civibus
997 1025 1165 1076 sanctornm
1186 1014 1396 1077 Romanorum

270 1107 449 1167 mentionem
473 1106 545 1164 fecit
568 1105 639 1181 (vid.
657 1108 771 1184 supra),
804 1109 891 1183 quem
914 1107 1042 1183 aliquam
1068 1127 1133 1165 cum
1156 1106 1301 1166 Romanis
1325 1127 1394 1165 con·

269 1185 469 1256 suetudinem¹
485 1195 623 1253 habuisse
655 1201 767 1254 certum
800 1201 857 1269 est,
892 1217 951 1254 non
981 1195 1114 1273 potuisse
1145 1196 1274 1253 scribere
1305 1195 1394 1255 illud:
1459 1201 1465 1211 ’

269 1281 408 1346 aecclesia
423 1280 578 1343 Scotorum
592 1282 683 1343 immo
699 1281 907 1344 Roraoacrmm
922 1292 977 1343 etc.
1023 1285 1160 1360 Denique
1181 1305 1239 1342 non
1256 1284 1394 1344 omittam

270 1393 500 1434 commemorare
516 1373 547 1430 in
559 1373 658 1432 verbis
673 1373 732 1431 illis
745 1372 898 1444 ‚diruere-m
915 1372 963 1433 dei
976 1370 1066 1432 imbui
1080 1372 1183 1433 ducem
1198 1370 1325 1432 illaesam
1338 1380 1394 1434 etc.

269 1464 364 1542 ipsam
387 1462 515 1521 Patricii
537 1468 665 1521 mentem
689 1462 782 1522 videri
807 1463 935 1540 spirare,
965 1483 1033 1521 nam
1062 1462 1098 1520 de
1125 1462 1232 1521 timore
1259 1462 1307 1521 dei
1330 1483 1393 1522 sae·

269 1552 392 1630 pissime
413 1551 554 1628 loquitur.

359 1639 480 1698 Summa
502 1640 596 1716 igitur
619 1646 671 1713 est,
696 1642 776 1718 quod
797 1640 962 1700 Patricium
985 1660 1115 1716 unquam
1138 1639 1170 1697 in
1185 1639 1277 1699 Italia
1301 1640 1393 1699 fuisse

270 1736 300 1789 et
322 1729 454 1805 aliquam
478 1750 543 1787 cum
566 1730 710 1788 Romanis
734 1731 974 1789 consuetudinem
998 1730 1136 1788 habuisse
1160 1728 1232 1787 mihi
1255 1730 1394 1806 persuasi

270 1820 396 1895 ideoque
420 1839 523 1877 censeo
544 1822 612 1894 jure
635 1819 762 1878 attribui
777 1819 909 1878 Patricio
932 1839 1008 1894 quae
1031 1819 1063 1876 in
1081 1819 1164 1895 'libro
1181 1817 1393 1877 Ardmachano

269 1914 388 1967 exstant
411 1908 508 1980 „dicta
524 1907 676 1980 Patriciiss,
699 1909 769 1968 licet
792 1909 948 1968 concedam
972 1929 1018 1966 me
1042 1907 1164 1980 nescire,
1188 1928 1225 1965 an
1250 1909 1408 1984 nonnulla¹

269 1998 300 2056 in
324 1998 361 2056 iis
385 2018 403 2056 a
426 1996 641 2074 posterioribus
665 1997 781 2072 adjecta
804 1998 872 2057 sint.

359 2086 442 2159 Quae
471 2106 536 2144 cum
565 2086 609 2145 ita
636 2087 708 2159 sint,
741 2087 830 2146 etiam
857 2086 1007 2146 difficilior
1036 2085 1160 2163 partim,
1191 2086 1302 2162 partim
1325 2085 1395 2143 sim-

268 2175 374 2253 plicior
395 2176 476 2233 facta
499 2181 544 2233 est
568 2176 703 2251 quaestio
725 2177 777 2234 illa
801 2196 891 2254 supra
914 2178 955 2253 (p.
980 2177 1035 2251 31)
1059 2175 1222 2252 proposita,
1246 2195 1395 2250 quaenam

269 2265 346 2323 ratio
370 2263 573 2322 intercesserit
600 2264 680 2323 inter
702 2264 866 2324 Patricium
889 2270 920 2323 et
942 2264 1120 2322 Palladium.
1164 2263 1217 2321 Ad
1240 2264 1316 2322 hano
1339 2263 1396 2340 igi-

268 2360 319 2412 tur
347 2353 518 2412 solvendam
547 2352 709 2412 redeamus.
756 2353 849 2413 Varia
880 2354 995 2412 ratione
1026 2373 1118 2430 usque
1150 2353 1188 2411 ad
1218 2352 1396 2410 hodiernum

269 2442 346 2501 diem
370 2463 433 2500 rem
457 2442 616 2520 explanare
640 2442 817 2502 studuerunt
841 2443 898 2502 viri
922 2442 1016 2501 docti.¹

359 2530 406 2589 Ac
429 2530 558 2609 primum
582 2531 701 2607 quidem
725 2553 772 2605 ea,
804 2552 863 2608 qua
891 2553 961 2591 usae
984 2531 1067 2590 vitae'
1087 2530 1213 2590 Patricii
1243 2531 1397 2589 finxerunt

269 2618 433 2680 Patricium
466 2641 483 2677 a
513 2619 598 2696 Papa
630 2620 798 2679 Ooelestino
828 2621 876 2681 vel
908 2642 925 2679 a
956 2619 1105 2678 Germano
1139 2619 1397 2678 Autissiodorensi

269 2709 424 2768 suffectum
447 2728 510 2766 esse
533 2709 564 2766 in
587 2709 685 2767 locum
708 2709 849 2782 Palladii,
881 2710 992 2788 quippe
1021 2709 1072 2785 qui
1099 2708 1209 2767 infecta
1239 2729 1271 2766 re
1294 2728 1395 2768 rever·

268 2799 361 2858 tisset.
409 2797 497 2871 Quod
520 2797 546 2856 si
569 2797 612 2856 ita
635 2805 720 2871 esset,
744 2799 842 2871 nobis,
873 2803 902 2856 et
926 2798 995 2874 quia
1019 2797 1203 2856 Coelestinus
1226 2804 1394 2856 uno¹anno

268 2895 336 2967 post
359 2887 481 2947 missum
504 2886 672 2946 Palladium
695 2909 710 2946 e
734 2889 797 2947 vita
821 2886 895 2946 exiit
918 2893 949 2946 et
972 2886 1043 2963 quia
1058 2886 1207 2946 Patricius
1231 2907 1307 2944 anno
1329 2889 1394 2960 jam

269 2975 333 3037 432
363 2977 394 3052 (i.
423 2996 447 3034 e.
476 2975 603 3034 secundo
631 2977 710 3054 regis
738 2976 862 3054 Logairi
890 2980 980 3053 anno)
1009 2976 1040 3034 in
1068 2975 1246 3034 Hiberniam
1276 2976 1395 3034 venisse

268 3065 400 3124 traditur
415 3067 528 3140 (annot.
544 3064 660 3122 Tirech.
676 3066 801 3124 Betham
818 3065 853 3123 H
868 3086 935 3144 app.
952 3087 981 3143 p.
997 3065 1103 3141 XIX),
1126 3065 1292 3142 putandum
1315 3069 1396 3123 esset

268 3153 437 3212 Palladium
465 3172 502 3209 ne
530 3173 621 3210 unum
644 3154 763 3229 quidem
786 3153 936 3231 integrum
965 3175 1074 3212 annum
1100 3153 1132 3210 in
1154 3153 1302 3212 Hibernia
1330 3173 1395 3211 mo·

268 3250 367 3302 ratum
400 3261 471 3301 esse.
517 3241 604 3314 Quod
636 3263 702 3300 cum
732 3242 852 3302 minime
888 3243 1015 3319 quadret
1044 3242 1186 3320 Prosperi
1216 3242 1395 3315 narrationi,

268 3353 357 3410 quam
384 3331 456 3392 vitis
483 3330 541 3389 fide
569 3331 735 3408 digniorem
763 3346 825 3392 'esse
856 3330 947 3391 nemo
965 3338 1055 3409 negat
1078 3332 1150 3407 (vid.
1166 3352 1257 3410 supra
1277 3353 1306 3410 p.
1324 3331 1395 3409 31),

268 3423 323 3481 hac
347 3421 462 3480 ratione
487 3420 621 3496 quaestio
644 3421 720 3481 solvi
742 3443 802 3480 non
825 3426 933 3498 potest.

358 3509 495 3569 Alteram
519 3509 613 3586 igitur
636 3511 850 3584 examinemus,
874 3510 989 3570 Varini.
1035 3509 1166 3568 Varinus
1191 3508 1269 3568 enim
1292 3507 1394 3567 Palla-

268 3600 350 3658 dium
374 3620 474 3658 eorum
498 3598 662 3672 Scotorum,
687 3599 793 3676 quiin
815 3598 979 3657 Albaniam
1002 3599 1297 3675 transmigraverant,
1321 3617 1394 3674 apo·

267 3690 376 3748 stolum
404 3688 494 3746 fuisse
523 3692 623 3765 putat,
658 3687 822 3747 Patricium
856 3686 1012 3747 Scotorum
1042 3687 1208 3746 Hiberniae
1235 3689 1334 3762 (mem.
1364 3687 1395 3759 2,

266 3801 296 3857 p.
320 3779 381 3836 123
404 3779 491 3854 sqq).
543 3776 589 3836 At
619 3776 701 3836 Secti
732 3777 841 3852 ubique
873 3784 902 3836 et
932 3778 1064 3855 proxime
1100 3775 1292 3852 intellegendi
1322 3781 1396 3836 sunt

267 3867 432 3927 Hiberniae
456 3867 570 3925 insulae
593 3866 721 3936 incolae,
744 3887 840 3942 neque
865 3866 1008 3925 affirmari
1031 3871 1131 3943 potest
1154 3864 1295 3942 Prosperi
1318 3870 1394 3922 tem-

267 3956 389 4034 poribus
422 3956 541 4014 omnino
571 3955 602 4012 in
632 3955 766 4013 Albania
795 3956 900 4015 Scotos
932 3958 995 4030 jam
1025 3955 1116 4014 fuisse
1147 3957 1239 4031 (supr.
1268 3974 1297 4030 p.
1327 3954 1396 4029 29).

268 4044 429 4104 Praeterea
458 4044 644 4104 manifestum
669 4051 714 4104 est
743 4065 778 4102 ex
806 4045 949 4122 Prosperi
976 4043 1075 4104 verbis
1101 4042 1193 4114 „darn
1220 4039 1396 4102 Rornmmm

267 4130 396 4193 imolam
417 4131 511 4192 studet
533 4151 648 4191 servare
675 4129 846 4193 catholicam
869 4131 944 4214 fecit
970 4131 1057 4191 ettam
1079 4131 1240 4191 barbaram
1261 4127 1394 4191 atmea-

267 4230 360 4282 aom“
390 4224 492 4298 (supra
524 4241 552 4298 p.
579 4221 634 4297 31)
665 4221 846 4301 Prosperum
876 4218 1032 4282 Romanae
1063 4223 1176 4281 insulae
1206 4220 1395 4294 Britanniae,

268 4315 353 4388 cujus
383 4332 453 4388 pars
484 4315 549 4368 erat
579 4310 668 4368 etiam
699 4311 764 4388 ipsa
795 4310 940 4386 Albania,
975 4313 1100 4371 alteram
1129 4310 1301 4388 opposuisse
1323 4311 1395 4368 bar·
