3024 4920
567 246 782 303 „95-

118 443 147 501 p.
173 421 315 497 69-72)
339 423 492 502 episcopos
514 425 665 483 Romanos
688 444 735 497 ea,
765 424 801 482 de
825 444 884 500 qua
906 422 1020 500 agimus
1043 428 1149 496 aetate,
1173 422 1233 482 effi·

119 532 215 571 cacam
239 513 427 571 occidentalis
449 513 557 572 nedum
573 513 665 573 totius
681 513 818 572 ecelesiae
833 512 1032 590 principatum
1047 531 1233 589 nequaquam

118 601 293 674 obtinuisse,
325 622 359 660 eo
388 601 485 661 minus
514 602 617 680 negari
639 608 739 680 potest
761 622 823 675 eos,
855 601 905 679 qui
928 601 1128 680 principatum
1151 601 1233 658 illum

118 689 264 769 episcopis
286 690 431 749 Romanis
460 691 609 765 tribuant,
639 691 695 751 hac
720 691 785 769 ipsa
812 711 844 750 re
872 689 1026 749 manifeste
1048 690 1180 749 indicare
1203 710 1233 748 se

118 799 180 838 esse
210 785 241 838 ct
267 780 343 838 velle
370 799 432 838 esse
459 780 621 858 participes
648 781 748 853 unius,
780 787 870 858 prout
896 786 969 838 tunc
996 780 1234 861 intellegebatur,

118 874 238 927 sanctae
265 868 402 927 ecclesiae
430 865 600 929 catholicae.
645 868 728 928 'Palis
751 876 816 929 erat
839 867 991 928 Columba.
1037 867 1133 927 (llaris
1156 868 1234 926 enim

117 956 224 1029 verbis,
248 956 430 1030 clarioribus,
454 978 542 1035 quam
565 959 643 1018 ullus
657 959 825 1035 aequalium
842 960 913 1033 ejus,
937 955 1136 1035 principatum
1151 957 1233 1015 illum

117 1046 253 1123 episcopo
277 1045 412 1105 Romano
439 1048 585 1106 attribuit.
631 1048 698 1106 Hoc
725 1068 761 1105 ex
787 1048 853 1125 ipsa
880 1047 931 1104 illa
959 1046 1160 1106 controversia
1183 1067 1234 1124 pa·

116 1133 208 1193 schali
230 1135 460 1196 luculentissime
482 1142 615 1214 apparet.

206 1221 389 1296 Columbam,
413 1245 479 1284 cum
502 1224 689 1303 cognovisset
703 1223 835 1284 Francos
851 1225 979 1286 Victorii
1002 1226 1082 1303 cyclo
1102 1223 1234 1304 paschali

115 1317 235 1372 utentes
258 1312 294 1371 de
318 1313 523 1391 computandis
538 1315 621 1374 festis
636 1313 740 1373 diebus
755 1315 942 1392 paschalibus
957 1335 1054 1374 secum
1070 1313 1235 1384 dissentire,

117 1421 201 1460 suam
227 1401 418 1461 traditionem
446 1423 546 1462 veram
575 1408 664 1479 atque
692 1403 867 1481 catholicam
889 1404 1039 1482 putavisse
1062 1422 1151 1480 supra
1171 1405 1235 1477 jam

117 1489 252 1549 vidimus.
298 1489 407 1551 Fretus
439 1491 533 1568 igitur
561 1492 733 1551 traditionis
764 1512 835 1552 suae
866 1493 993 1553 veritate
1022 1492 1086 1570 ipse
1119 1497 1235 1550 contro·

116 1577 230 1638 versiae
253 1598 369 1640 causam
392 1582 522 1640 inferens
538 1578 716 1658 Gregorium
735 1601 844 1660 papam
859 1602 914 1660 per
928 1581 1043 1641 litteras
1059 1580 1235 1659 appellavit:

112 1663 240 1740 ·„rru'r0r,
254 1665 362 1750 fateor,
385 1670 492 1747 inquit,
516 1689 535 1727 a
557 1677 583 1729 te
598 1665 673 1728 huuc
690 1663 807 1729 Gallrae
821 1689 947 1730 errorem
964 1715 970 1729 .
987 1714 994 1729 .
1010 1716 1018 1731 .
1028 1666 1097 1750 jara
1111 1667 1163 1728 diu
1177 1688 1236 1728 uorr

108 1755 205 1836 fluisse
226 1777 338 1828 rasum,
360 1756 419 1817 uisi
424 1756 506 1838 farte
516 1766 625 1840 partera
641 1757 721 1839 quod
734 1757 784 1818 cir
798 1757 1055 1840 crederepossum,
1078 1757 1150 1817 dum
1170 1776 1236 1817 euru

118 1852 228 1903 ccratat
250 1865 270 1902 a
291 1853 317 1903 te
338 1865 398 1904 aaa
411 1844 506 1926 flacitae
529 1846 721 1918 emendatum,
744 1847 827 1926 apud
845 1856 872 1907 te
886 1866 945 1907 esee
952 1845 1115 1928 probatum
1130 1847 1189 1923 (ep.
1207 1845 1235 1917 5,

119 1953 148 2009 p.
172 1932 213 1989 32
238 1932 275 2009 0)
374 1942 424 1993 aut
446 1953 552 1995 samaa
575 1943 625 1995 aut
647 1935 759 1996 dacem
789 1931 949 1996 Victoriam
972 1937 1024 2011 (ib.
1047 1935 1094 2010 F).
1132 1935 1237 2010 Neque

119 2022 196 2081 hanc
225 2021 407 2096 dijudicandi
435 2029 615 2101 potestatem
644 2045 740 2102 papae
768 2045 828 2083 non
851 2025 991 2084 attribuit
1013 2023 1070 2082 nisi
1094 2023 1235 2100 quamdin

120 2111 254 2189 speravit
276 2111 353 2183 fore,
376 2117 410 2170 ut
433 2132 512 2190 papa
535 2134 552 2172 a
576 2133 628 2172 sua
650 2119 736 2190 parte
759 2119 862 2188 staret,
884 2114 973 2171 immo
996 2118 1154 2190 postquam
1177 2111 1236 2170 sihi

119 2199 266 2277 persuasit
296 2201 436 2261 ecclesiae
459 2201 612 2260 Romanae
639 2202 882 2262 consuetudinem
909 2201 1032 2261 eandem
1060 2221 1122 2260 esse
1145 2207 1236 2277 atque

119 2286 283 2362 Gallorum,
306 2293 378 2347 tuno
400 2291 572 2350 facultatem
594 2291 787 2368 permanendi
808 2291 840 2351 in
863 2311 917 2350 sua
939 2291 1100 2350 traditione
1124 2309 1235 2366 apapa

111 2371 177 2438 'sibi
204 2377 403 2453 quaerendam
426 2400 488 2439 esse
512 2400 632 2439 censens
654 2378 808 2440 Bonifatio
830 2400 926 2459 papae
950 2380 1079 2457 scripsit:
1112 2376 1157 2452 „si
1177 2396 1236 2437 nou
1287 2402 1290 2407 ·

120 2464 321 2548 ccrrtrastdcrrr
336 2475 385 2537 est,
399 2476 566 2527 uestrorum
580 2467 766 2528 tradetiorreru
779 2467 897 2529 robores
908 2467 1062 2539 saraam,
1077 2486 1135 2547 quo
1145 2464 1235 2525 rrturu

116 2551 244 2633 pachae
261 2552 334 2614 aaut
348 2554 509 2635 accepim
524 2575 544 2614 a
559 2554 719 2637 majoribus
734 2555 883 2617 obseruare
894 2576 960 2637 per
981 2565 1076 2616 tuum
1085 2552 1237 2634 possimus

112 2639 290 2723 judicium
319 2641 351 2702 irc
379 2652 481 2703 costra
506 2643 756 2726 pereprc‘rratr‘orre“
784 2647 842 2724 (ep.
869 2647 895 2719 l,
918 2666 947 2723 p.
972 2646 1014 2704 24
1036 2645 1085 2721 F).
1131 2645 1236 2720 Neque

118 2732 179 2790 ulla
208 2738 279 2792 tunc
308 2733 340 2790 in
368 2734 467 2793 sedem
495 2734 686 2811 apostolicam
714 2737 907 2795 exacerbatus
935 2740 1000 2793 erat
1022 2733 1235 2810 indignatione,

119 2820 209 2880 etiam
232 2826 302 2880 tunc
325 2823 464 2901 cupiebat
487 2842 584 2883 ornnes
606 2822 669 2882 sedi
689 2820 863 2902 apostolicae
872 2821 1080 2902 praesidentes,
1104 2817 1235 2880 dulcissi-

119 2929 182 2969 mos
211 2909 342 2970 amadus
360 2908 510 2993 praesules
523 2908 676 2994 ,fidelihus
700 2931 736 2970 ac
757 2911 859 2971 merito
882 2907 1033 2994 apostolici
1052 2906 1169 2969 tatoris
1191 2926 1234 2968 rc·

119 2997 339 3058 caeudrssr‘mos
362 3008 466 3077 potres
495 2997 611 3079 ciritae
634 2999 717 3075 (ibid.
739 3001 791 3076 D).
837 3001 919 3078 Ergo
947 3020 1006 3058 non
1030 2999 1168 3059 simulata
1191 3003 1236 3057 est

119 3087 286 3147 reverentia
315 3087 380 3160 illa,
412 3108 470 3164 qua
500 3094 662 3148 commotus
692 3089 845 3149 Bonifatio
876 3109 971 3168 papae
1002 3089 1160 3167 epistulam
1191 3087 1235 3146 in·

118 3176 239 3253 scripsit
261 3182 296 3235 ut
312 3172 513 3254 pulcherrimo
536 3176 666 3236 aurium
681 3176 766 3238 totius
783 3175 923 3258 Europae
937 3175 1121 3238 crebrarum
1137 3174 1235 3254 capiti,

116 3283 215 3348 papae
218 3262 384 3345 praedictet,
390 3263 543 3344 praecelso
551 3263 692 3345 praerecti,
698 3274 857 3344 pastorum
861 3266 980 3346 pastori
990 3269 1047 3343 (ep.
1057 3267 1085 3338 4,
1098 3287 1127 3342 p.
1137 3265 1178 3322 28
1186 3263 1235 3339 E),

119 3374 188 3432 ergo
212 3374 272 3413 non
294 3355 448 3413 blanditiis
471 3375 541 3414 usus
566 3389 605 3400 -
630 3356 763 3432 profecto
787 3355 930 3414 Columba
953 3375 1012 3414 non
1035 3355 1060 3412 is
1084 3358 1160 3424 erat,
1185 3353 1236 3429 qui

119 3443 304 3503 blandiretur
326 3479 371 3489 —
398 3440 508 3517 „libra
532 3443 639 3520 inquit,
662 3440 780 3524 elaqrrar
804 3444 913 3522 [papis]
928 3441 1034 3504 uostris
1054 3450 1151 3522 utpote
1172 3459 1235 3499 rna-

118 3530 215 3612 qrstris
238 3550 272 3590 ac
295 3529 455 3612 spiritualis
476 3531 559 3592 rmore
579 3530 836 3613 puhernatorr'bus“
863 3533 915 3610 (ib.
940 3533 981 3591 28
1006 3530 1056 3607 G),
1083 3552 1154 3608 ergo
1177 3550 1236 3588 non

118 3620 189 3679 ficta
212 3625 276 3678 arat
299 3622 486 3681 oboedientia
508 3622 649 3681 dicentis:
677 3642 746 3695 „reos
769 3620 846 3682 euim
867 3616 924 3681 SS.
944 3619 1029 3680 Petri
1050 3629 1075 3679 et
1097 3616 1190 3678 Pauli
1210 3627 1236 3678 et

28 3753 31 3757 ·
120 3706 251 3769 arratum
272 3707 483 3788 discipulorum
506 3710 637 3771 diacum
659 3729 798 3771 aaronem
813 3706 926 3791 Spiritu
941 3718 1038 3770 canae
1054 3706 1237 3769 scribentium

120 3795 257 3880 disupuli
276 3817 385 3868 morus,
407 3798 459 3858 toti
472 3797 583 3860 Heheri
605 3801 659 3878 [=
676 3820 775 3859 omnes
790 3800 939 3877 Hibemi],
955 3795 1051 3858 ultimi
1063 3795 1236 3870 habitatores

119 3884 225 3945 muudi
234 3881 306 3946 adul
316 3895 399 3946 eatra
410 3885 603 3967 aromaticam
614 3898 639 3948 et
651 3885 841 3968 apostolicam
852 3887 1015 3948 doctrinam
1025 3884 1190 3965 recipiates
1198 3931 1204 3946 .
1213 3927 1235 3944 ..

107 3974 189 4058 fides
211 3970 351 4035 caulae
372 3974 446 4035 sicut
467 3997 487 4035 a
501 3975 580 4037 ochra
589 3976 725 4057 primaru
739 3986 905 4045 sauctorum
919 3972 1236 4057 sahcetapostolcruur

119 4060 327 4125 sucessoribus
356 4063 466 4124 tradita
495 4074 536 4126 est
568 4067 659 4145 [apud
688 4067 754 4145 nos]
778 4065 947 4125 inconcussa
969 4063 1099 4126 terreturl
1123 4065 1181 4141 (ep.
1206 4062 1235 4135 4,

116 4231 119 4236 ¹
192 4206 203 4238 ¹
223 4171 370 4272 Quomodo
384 4201 529 4256 Ebrardus
550 4205 589 4271 (p.
605 4205 650 4272 15)
669 4204 698 4257 in
717 4203 760 4257 his
779 4203 872 4257 verbis
889 4202 1080 4257 testimoninm
1093 4199 1236 4254 invenerit

121 4276 189 4343 „fr‘r'r
207 4276 257 4331 das
275 4273 502 4330 ausschlr'esslr'clrc
513 4274 638 4329 Ausehar
656 4276 703 4329 oter
722 4275 756 4330 hl.
769 4273 902 4342 Schrift‘ss
922 4292 979 4328 non
998 4273 1141 4342 intellego.
1174 4270 1235 4352 Ad-

120 4347 175 4400 huc
198 4348 273 4401 enim
295 4350 409 4400 nostrae
435 4346 536 4400 aetatis
564 4345 697 4400 catholici
722 4346 823 4399 iisdem
841 4345 934 4400 verbis
952 4345 995 4399 uti
1013 4347 1144 4413 possunt,
1169 4356 1235 4410 quia
