3024 4920
736 224 950 280 ..96-

287 404 328 461 28
344 402 389 479 Η)
413 407 443 460 et
458 401 566 461 similia
589 400 621 458 in
644 400 745 459 eadem
769 400 897 478 epistula
913 402 954 477 (p.
975 400 1016 458 30
1031 399 1085 476 El):
1108 417 1162 459 rtoe
1184 397 1268 469 erum,
1290 407 1322 458 ut
1337 407 1403 460 arete

285 490 358 563 dici,
381 488 504 551 (2ευὶηοιί
524 508 625 549 sumus
648 485 801 549 cathedrae
815 486 879 549 Soti
892 485 982 560 Petri,
1005 486 1069 549 licet
1084 486 1160 549 euim
1177 484 1277 548 Roeu
1291 507 1401 569 mopau

284 588 372 642 estet
394 576 519 661 eripete,
536 577 703 658 pertatem
725 575 894 639 cathedram
916 585 1029 637 teritum
1052 576 1135 659 apud
1155 596 1208 636 uos
1231 585 1271 638 est
1291 596 1402 658 maereo

285 678 311 728 et
341 665 431 727 eluro.
477 668 534 726 Hi·
564 668 663 727 verbis
696 668 848 745 paulisper
877 668 1055 726 insistamus.
1101 668 1178 728 Nam
1208 665 1308 743 magni
1339 687 1400 725 mo·

285 757 378 816 menti
410 763 455 817 est
487 777 661 833 cognoscere
693 755 867 815 Oolumbam
899 757 999 816 verbis
1030 757 1089 814 illis
1121 755 1292 814 distinxisse
1323 754 1403 814 inter

286 846 455 905 cathedram
478 845 631 904 Romanae
661 845 739 904 sedis
766 845 946 923 apostolicae
974 852 1004 905 et
1031 846 1127 923 ipsam
1150 845 1253 903 urbem
1275 844 1403 902 Romam

286 942 317 995 et
339 935 465 995 voluisse
494 935 583 994 aliam
606 955 669 993 esse
692 936 900 994 auctoritatem
923 933 1001 994 sedis
1024 933 1203 1012 apostolicae
1226 933 1315 992 aliam
1339 935 1401 1010 glo·

285 1025 360 1083 riam
383 1044 418 1082 ac
440 1023 556 1082 laudem
580 1030 718 1082 aeternae
740 1023 820 1082 illius
842 1023 933 1082 urbis.
979 1022 1147 1097 Quodnisi
1170 1021 1402 1099 cognoverimus,

284 1134 344 1172 non
359 1113 573 1189 intellegemus,
596 1113 668 1189 quid
688 1113 744 1171 sibi
759 1113 854 1172 velint
869 1113 1000 1188 ejusdem
1016 1112 1160 1191 epistulae
1175 1112 1268 1171 rerba
1282 1111 1402 1170 haecce:

289 1210 426 1281 „propter
443 1197 553 1261 Christi
571 1200 701 1280 ,reminas
723 1199 868 1282 apostolor
884 1245 890 1258 .
907 1244 914 1258 .
931 1245 937 1258 .
953 1221 1003 1262 coe
1019 1219 1117 1281 prope
1139 1196 1267 1260 coehstes
1290 1198 1355 1259 estre
1377 1208 1403 1260 et

285 1286 387 1349 Roma
409 1288 486 1350 orbis
507 1298 653 1349 terrorum
675 1299 762 1371 caput
784 1298 825 1351 ert
846 1287 1039 1362 ecclesiarum,
1062 1288 1144 1350 soleo
1167 1286 1223 1348 leci
1240 1287 1404 1348 dominicae

283 1377 500 1440 commotionis
522 1375 667 1460 siayuiori
683 1378 917 1460 proeroqatico.“
957 1380 1034 1440 Nam
1057 1380 1145 1439 aliter
1167 1398 1202 1437 ac
1223 1378 1402 1437 dictarunt.

285 1468 459 1527 Warrenius
482 1469 555 1527 haec
576 1469 669 1528 verba
692 1469 814 1547 accepit,
838 1488 903 1527 cum
924 1469 1067 1533 scriberet
1082 1472 1123 1547 (p.
1141 1469 1211 1543 38):
1234 1461 1284 1526 He
1298 1463 1403 1526 allatos

285 1575 305 1614 a
327 1553 395 1636 triph
415 1566 481 1636 poet
503 1556 540 1637 of
556 1553 669 1617 honour
690 1566 719 1617 to
742 1555 787 1618 the
810 1555 873 1618 See
895 1556 933 1638 of
949 1554 1055 1629 Rome,
1079 1555 1128 1617 but
1149 1555 1255 1616 second
1277 1564 1305 1615 to
1327 1552 1404 1614 that

285 1643 323 1726 of
340 1640 520 1717 Jerusalem,
549 1643 594 1706 the
617 1644 703 1728 ploce
726 1645 761 1730 of
780 1642 1184 1716 memoratissimum,
1207 1679 1250 1690 -
1273 1665 1342 1703 nam
1365 1645 1403 1704 de

285 1734 367 1792 sedo
390 1735 661 1814 Hierosolymitana
690 1736 733 1794 nil
762 1736 840 1795 inest
869 1736 901 1794 in
924 1736 970 1795 his
993 1736 1091 1797 verbis
1098 1780 1105 1808 ,
1135 1736 1225 1793 immo
1249 1733 1403 1805 Columba,

285 1844 351 1881 cum
366 1823 492 1882 Romam
516 1822 593 1884 orbis
612 1832 759 1884 mirarum
775 1821 959 1884 erchiriacum
975 1827 1045 1904 [non
1062 1821 1204 1904 Europae
1219 1825 1296 1883 sicut
1311 1842 1404 1900 supra

204 1927 205 1931 ’
286 1913 328 1970 28
345 1913 388 1989 Η]
412 1921 500 1992 ceput
523 1914 655 1972 nominet
678 1915 759 1973 salva
781 1914 949 1974 reverentia
972 1935 1043 1991 erga
1066 1916 1163 1973 locum
1178 1911 1403 1972 resurrectionis

285 2001 409 2075 domini,
442 2003 532 2061 etiam
562 2003 713 2062 ecclesiam
745 2009 776 2062 et
806 2004 904 2062 sedem
934 2003 1235 2081 Hierosolymitanam
1266 2000 1403 2060 Romano

286 2089 420 2166 pontifici
443 2091 608 2166 subjectam
632 2113 693 2152 esse
716 2094 883 2166 confitetur,
907 2093 1041 2169 quamvis
1056 2093 1210 2151 Romanae
1232 2091 1315 2150 urbis
1339 2091 1401 2168 glo-

284 2178 360 2236 riam
383 2179 465 2237 urbis
488 2180 745 2257 Hiersolymorum
767 2182 892 2260 gloriam
915 2201 974 2241 non
997 2183 1191 2260 aequiperare
1214 2179 1350 2239 affirmet.

374 2267 441 2327 Non
456 2287 526 2327 vero
541 2269 710 2347 negandum
727 2278 779 2344 est,
800 2271 851 2330 sed
866 2271 967 2348 potius
977 2270 1134 2329 Warrcnio
1149 2272 1191 2347 (p.
1204 2270 1259 2345 38)
1274 2268 1404 2328 libenter

284 2355 502 2415 concedendum
534 2355 708 2418 Oolumham
741 2360 773 2417 in
807 2359 862 2418 hac
895 2360 961 2436 ipsa
989 2360 1117 2436 epistula
1148 2359 1186 2417 ad
1215 2357 1403 2418 Bonifatium

283 2465 392 2522 papam
408 2446 497 2504 missa
516 2445 718 2506 audacissimis
732 2468 817 2507 usum
833 2467 896 2507 esse
912 2448 1022 2507 verbis:
1050 2445 1165 2529 „capita
1181 2447 1287 2524 inquit,
1304 2466 1402 2527 papa,

285 2530 382 2612 cipite,
406 2542 432 2591 et
453 2533 557 2593 iterem
580 2533 646 2595 dico
667 2534 765 2619 rupelo,
788 2535 947 2618 quiescite
960 2557 1020 2597 eoa
1034 2535 1102 2597 berre
1116 2533 1243 2616 uetare
1262 2530 1401 2616 Vsps‘liw

286 2621 497 2698 (537-555),
520 2642 605 2702 quem
628 2634 716 2706 caput
738 2623 872 2686 recaduti
892 2624 940 2685 tei
961 2623 1098 2697 clareant,
1122 2621 1266 2706 quiretis
1281 2621 1404 2705 tuleram

284 2706 416 2791 injiciunt
438 2713 496 2790 (ep.
521 2713 549 2785 4,
573 2733 602 2789 p.
627 2715 667 2770 29
693 2713 729 2790 0)
746 2758 752 2772 .
770 2758 776 2772 .
794 2758 800 2772 .
812 2734 897 2794 popa
919 2712 1020 2795 cipite,
1044 2724 1157 2798 tempas
1179 2722 1220 2774 eet
1241 2712 1278 2774 de
1298 2733 1402 2774 scenae

283 2819 400 2879 surpere
424 2803 465 2878 (p.
491 2802 532 2858 29
556 2801 608 2878 E),
637 2798 845 2862 memorum
868 2801 945 2862 enim
965 2803 1103 2883 receptio,
1135 2812 1167 2862 at
1189 2801 1289 2876 audio,
1319 2799 1400 2863 tobei

282 2895 452 2968 repertast
479 2891 520 2967 (p.
545 2891 586 2948 30
606 2891 655 2968 B).

372 2977 510 3036 Profecto
527 2979 668 3039 audacter
682 2981 754 3039 haec
770 2981 849 3039 dicta
865 2987 942 3055 sunt,
958 2982 1099 3041 audacter
1114 3002 1169 3058 pro
1185 2978 1398 3063 ,‚procacr'tate“

284 3065 454 3138 Columbae,
478 3070 562 3142 cujus
584 3068 649 3144 ipse
672 3069 729 3127 sibi
752 3071 884 3129 conscius
908 3078 973 3129 erat
995 3072 1053 3147 (ep.
1078 3071 1106 3143 5,
1129 3093 1159 3149 p.
1184 3071 1225 3129 33
1245 3071 1295 3148 B).
1342 3069 1401 3129 Sed

284 3154 357 3230 quid
380 3160 433 3228 est,
457 3174 509 3212 cur
531 3155 629 3215 verbis
652 3164 714 3216 tam
737 3158 990 3218 audacibus-usus
1013 3159 1071 3217 sit?
1106 3159 1209 3237 Ipsum
1233 3159 1401 3219 audiamus:

287 3239 391 3315 „dolor
406 3241 492 3314 caim,
515 3243 616 3325 inquit,
635 3264 682 3304 me
696 3243 844 3326 cmopetlit
857 3245 936 3307 cohib
949 3247 1080 3308 indicare
1095 3244 1262 3307 humillima
1275 3255 1307 3307 ut
1323 3246 1403 3308 decet

282 3330 473 3413 supyestiooe,
504 3333 583 3415 qaod
611 3353 714 3394 comeo
741 3335 790 3395 dei
808 3355 868 3416 per
890 3356 940 3396 eos
962 3334 1181 3415 blasphemiae
1201 3334 1276 3397 ieter
1296 3343 1401 3416 petates.

283 3416 380 3480 Doleo
395 3420 480 3492 euim,
496 3421 606 3503 fateor,
629 3423 665 3482 de
680 3423 805 3505 infamio
818 3423 973 3485 cathedrae
989 3419 1052 3484 Set
1065 3423 1148 3485 Petri
1170 3427 1211 3503 (p.
1229 3426 1270 3482 28
1287 3423 1351 3502 G).
1368 3468 1376 3483 .
1394 3467 1401 3482 .

282 3504 491 3568 hoereticorum
513 3510 588 3570 euim
610 3511 742 3593 receptio,
766 3522 799 3573 et
820 3513 918 3587 audio,
941 3511 1021 3573 vohis
1043 3519 1212 3593 reputotur“
1233 3517 1274 3591 (p.
1293 3515 1335 3572 30
1350 3513 1401 3590 B).

283 3597 367 3656 Haec
390 3605 455 3656 erat
478 3619 573 3659 causa.
612 3601 654 3660 lat
676 3621 734 3677 quo
759 3609 895 3681 spectant
916 3604 969 3661 illa
985 3603 1096 3662 verba?
1139 3599 1273 3678 ,Idcirco
1284 3621 1403 3684 precer,

282 3684 389 3762 inquit,
412 3686 553 3748 subvertite
568 3688 673 3770 farrae
695 3700 813 3763 cestrae,
837 3709 912 3771 quae
934 3689 1079 3751 uremur
1100 3691 1175 3754 iuter
1195 3699 1291 3772 peritos
1313 3735 1345 3750 ..
1369 3699 1404 3750 iet

282 3771 390 3836 Ironore
411 3775 567 3855 apostolico
590 3799 649 3839 uon
671 3799 787 3851 careas,
809 3779 1055 3864 cmuereafidem
1077 3778 1268 3861 apostolicam
1291 3782 1333 3859 (p.
1359 3778 1403 3840 30

283 3967 402 4021 credunt
420 3986 592 4022 summorum
604 3968 770 4036 pontificum
784 3970 938 4024 decretalia
952 3971 1110 4025 doctrinam
1124 3973 1314 4040 apostolorum
1328 3988 1402 4039 esse,

283 4038 421 4163 gfflinaffi
441 4041 475 4094 ab
499 4040 556 4093 illis
581 4042 785 4095 successoribus
804 4042 868 4095 suis.
908 4041 1007 4110 Neque
1026 4044 1110 4097 aliter
1128 4061 1180 4112 pro
1200 4062 1251 4099 suo
1270 4048 1403 4113 tempore

356 4150 486 4250 11tq..
510 4181 647 4235 columba
669 4183 720 4248 „a
743 4184 844 4238 ammi
863 4183 1002 4252 pateres
1026 4184 1222 4253 restituerat
1240 4187 1406 4254 peioraue

284 4249 360 4303 idern
376 4253 516 4320 judicium
534 4252 610 4316 fecit,
631 4256 706 4323 quod
725 4272 797 4308 anno
817 4254 887 4309 1870
906 4256 1133 4324 archiepiscopus
1151 4257 1311 4327 Pragensis.
1345 4257 1404 4314 Mi-

283 4323 403 4376 randum
423 4327 503 4395 esset,
523 4323 547 4376 si
566 4324 650 4378 aliter
667 4342 712 4379 res
731 4343 791 4380 seso
810 4326 935 4381 haberet.
