3024 4920
629 203 873 260 -111-

281 383 416 442 Primum
439 383 540 459 igitur,
564 403 600 440 ne
624 381 772 453 miremur,
797 380 876 456 quod
898 381 1001 456 regula
1024 380 1091 450 ista,
1114 379 1145 437 in
1168 399 1226 454 qua
1249 399 1315 456 per·

194 474 288 532 multa
311 472 396 530 nobis
420 471 575 530 offensioni
598 476 681 538 sunt,
710 474 824 529 tantam
847 469 879 527 in
902 468 1002 527 Callia
1025 468 1235 527 auctoritatem
1259 468 1316 526 sibi

194 560 385 640 comparavit,
409 580 485 637 opus
509 565 636 619 estnon
659 558 803 630 oblivisci,
827 558 924 635 qualis
947 557 1039 617 fuerit
1055 565 1125 616 ante
1141 555 1316 615 Columbam

194 649 441 710 monasteriorum
464 649 495 706 in
520 647 619 706 Gallia
642 653 738 707 status
768 646 817 723 (cf.
841 667 931 725 supra
954 669 982 724 p.
1002 648 1087 723 107).
1133 646 1224 703 Illum
1248 665 1316 703 con-

195 739 395 798 siderantibus
418 738 503 796 nobis
516 737 632 795 mirum
656 758 715 796 non
738 736 902 809 videbitur,
931 736 1010 813 quod
1033 734 1178 795 Columba
1200 735 1318 792 fervore

195 849 248 888 suo
279 849 312 887 ac
342 827 455 905 pietate
485 846 538 884 sua
567 827 656 885 etiam
680 824 784 884 Gallos
807 825 845 883 ad
874 824 1108 903 amplectendam
1135 823 1229 883 vitam
1257 841 1317 881 mo·

195 916 348 976 nachicam
370 921 431 975 tam
456 916 575 975 crebros
598 915 747 987 incitavit,
778 921 813 973 ut
841 921 872 975 et
899 914 962 973 ruri
986 920 1016 973 et
1038 913 1071 972 in
1093 912 1218 971 urbibus
1241 931 1319 971 nova

197 1006 375 1065 exsisterent
398 1005 577 1064 monasteria
600 1006 649 1079 (cf.
665 1004 718 1064 vit.
734 1002 794 1062 sal.
813 1003 995 1076 7,Mab.11,
1012 1023 1079 1061 ann.
1097 1001 1170 1073 655,
1186 1022 1214 1078 p.
1232 1000 1319 1076 425).

198 1095 263 1168 Quo
286 1095 398 1152 factum
422 1100 478 1166 cst,
510 1100 545 1151 ut
574 1092 678 1169 regula
701 1092 863 1151 Columbae
893 1113 953 1151 non
984 1093 1079 1150 solum
1108 1090 1140 1148 in
1170 1088 1321 1148 nonnullis

198 1182 376 1243 Germaniae
406 1182 593 1241 monasteriis
624 1181 785 1258 (Rettberg
807 1179 851 1255 II,
874 1202 902 1258 p.
928 1183 1004 1256 678)
1032 1186 1104 1239 tunc
1126 1179 1320 1248 inveniretur,

198 1272 250 1332 sed
272 1273 373 1350 potius
404 1270 514 1330 saeculi
544 1269 664 1349 septimi
693 1271 877 1348 temporibus
908 1271 1066 1348 praecipue
1097 1268 1247 1346 prioribus
1277 1266 1320 1325 ita

198 1362 326 1438 vigeret,
358 1366 392 1419 ut
415 1380 510 1436 paene
533 1359 632 1417 omnia
655 1361 847 1434 monasteria,
880 1381 956 1437 quae
979 1368 1050 1418 tunc
1073 1357 1105 1416 in
1129 1355 1230 1416 Gallia
1254 1373 1320 1414 con·

198 1451 262 1509 dita
279 1455 356 1520 sunt,
373 1447 535 1506 Columbae
550 1448 682 1525 regulam
700 1450 902 1508 observarent.
926 1449 1059 1524 Quorum
1076 1445 1323 1505 monasteriorum

199 1538 419 1597 multitudinem
432 1538 683 1614 (Montalembert,
695 1539 737 1596 les
749 1539 860 1597 moines
868 1535 1083 1609 d’occidentII,
1095 1556 1124 1612 p.
1133 1533 1321 1610 565-637)

200 1647 371 1687 enumerare
394 1634 497 1686 nostra
520 1647 580 1685 non
603 1627 708 1699 refert,
740 1627 810 1704 quia
838 1627 1000 1686 auotoritas
1024 1625 1185 1684 Columbae
1215 1623 1321 1681 nihilo·

199 1717 297 1775 minus
312 1736 382 1774 mox
396 1716 512 1773 minuta
536 1721 589 1775 est.
620 1715 698 1775 Nam
721 1715 802 1774 intra
821 1718 884 1790 jam
908 1715 1036 1773 medium
1060 1714 1209 1773 saeculum
1233 1710 1322 1787 septi·

201 1825 281 1862 mum
304 1805 335 1861 in
358 1805 423 1880 ipsa
447 1801 547 1861 Gallia
570 1802 618 1862 Sti
640 1803 796 1862 Benedicti
819 1804 1004 1863 Cassinensis
1034 1803 1137 1879 regula
1162 1800 1323 1860 Columbae

201 1893 321 1968 regulae
345 1891 461 1950 exstitit
484 1893 599 1950 aemula
623 1913 716 1968 eaque
739 1893 818 1952 haud
842 1893 930 1951 dubie
954 1893 1047 1951 multo
1071 1891 1178 1967 potior.
1214 1888 1323 1961 Quam·

202 1981 247 2041 vis
271 1981 348 2038 enim
372 1980 529 2058 disciplina
557 2001 611 2039 sua
638 1982 769 2058 regulari
793 1981 938 2040 Columba
961 1979 1207 2038 monasteriorum
1231 1975 1324 2034 Galli·

202 2090 303 2129 corum
334 2076 445 2127 statum
475 2074 506 2126 et
537 2089 633 2128 mores
663 2069 770 2128 mirum
801 2076 945 2147 quantum
976 2067 1190 2139 emendaverit,
1224 2073 1325 2124 tamen

201 2157 358 2217 Benedicti
380 2159 501 2234 regulae
524 2179 580 2236 par
603 2179 665 2218 esse
688 2178 747 2217 non
769 2160 878 2237 potuit.
924 2157 1116 2217 Manifestum
1144 2156 1200 2214 hoc
1226 2154 1261 2213 fit
1289 2172 1326 2212 ex

202 2247 335 2325 singulis,
359 2247 544 2306 manifestius
568 2269 604 2305 ex
627 2255 692 2307 tota
714 2249 835 2324 regulae
858 2249 1015 2324 utriusque
1030 2253 1146 2305 natura.
1177 2244 1224 2304 Ea
1247 2242 1326 2301 enim

203 2343 255 2409 est,
280 2335 360 2412 quod
383 2357 476 2412 aeque
499 2336 605 2395 mirum
630 2343 674 2397 est
697 2345 866 2411 acuatum,
891 2338 971 2395 vitae
987 2335 1175 2394 monachicae
1191 2331 1324 2403 historia,

202 2434 237 2484 ut
259 2425 408 2496 monachi,
440 2446 565 2501 quorum
592 2426 681 2505 primi
709 2427 899 2485 eremitarum
923 2426 1017 2485 vitam
1040 2424 1174 2482 viventes
1197 2420 1324 2491 omnino,

204 2521 348 2590 quantum
370 2512 435 2570 fieri
458 2519 570 2590 potest,
602 2536 617 2572 e
642 2516 749 2573 mundo
772 2515 923 2590 fugerant,
955 2512 1110 2590 paullatim
1133 2510 1265 2569 redirent
1288 2508 1326 2569 ad

203 2601 353 2660 mundana
385 2603 513 2683 negotia.
560 2603 680 2677 Quanto
703 2598 789 2661 'inter
818 2623 849 2661 se
879 2603 1020 2661 differunt
1047 2599 1092 2659 St.
1115 2599 1268 2660 Antonius
1295 2603 1326 2656 et

204 2690 318 2768 Ignatii
341 2691 474 2766 Loyolae
497 2690 644 2770 discipuli,
669 2699 781 2768 quanto
797 2691 995 2751 Orientalium
1018 2689 1154 2749 monachi
1177 2695 1208 2746 et
1230 2687 1326 2747 Bene·

204 2780 322 2840 dictinii
351 2780 532 2839 Monasteria
555 2780 752 2840 Orientalium
775 2781 817 2840 nil
840 2790 926 2841 erant
948 2780 1007 2839 nisi
1029 2785 1194 2837 ascetarum
1219 2783 1326 2847 coetus,

204 2869 386 2929 monasteria
409 2870 618 2927 monachorum
635 2868 682 2929 Sti
698 2870 856 2929 Benedicti
879 2869 987 2928 sensim
1010 2868 1225 2946 paullatimque
1249 2865 1328 2923 facta

205 2963 275 3016 sunt
305 2957 465 3015 seminaria
495 2958 593 3025 cultus
623 2965 713 3033 atque
744 2958 952 3030 humanitatis,
988 2957 1060 3034 quin
1092 2956 1181 3015 etiam
1212 2953 1328 3013 scholae

205 3045 315 3104 laboris
332 3046 380 3120 (cf.
395 3045 547 3116 Harmiai,
572 3047 624 3104 das
640 3046 842 3119 Mouchthum,
858 3069 887 3125 p.
901 3047 940 3104 al
959 3066 1032 3122 sqq,
1050 3046 1089 3103 31
1104 3066 1178 3122 sqq,
1196 3044 1236 3102 36
1250 3061 1329 3121 sqq.;

205 3133 357 3206 Uhlborn,
393 3133 440 3191 die
471 3134 640 3194 christliche
668 3135 942 3213 Lietesthacigkeit
968 3135 999 3193 in
1028 3135 1081 3193 der
1104 3135 1184 3194 alten
1207 3132 1329 3192 Kirche.

210 3223 304 3280 1882.
334 3243 363 3300 p.
389 3222 452 3280 344
476 3225 560 3300 sqq).
607 3224 707 3298 Quid?
741 3231 841 3283 utrum
869 3225 915 3284 his
938 3245 977 3282 an
999 3224 1059 3282 illis
1082 3223 1238 3282 similiores
1261 3224 1330 3281 suut

208 3312 370 3372 Columbae
408 3312 565 3370 monachi?
608 3313 748 3372 Profecto
786 3314 988 3371 orientalibus.
1051 3311 1138 3370 Licet
1181 3311 1259 3368 enim
1296 3311 1331 3366 ut

207 3402 347 3460 Hiienses
372 3401 420 3478 (cf.
436 3420 527 3478 supra
542 3422 571 3479 p.
589 3403 644 3478 70)
668 3402 712 3460 ita
735 3408 766 3460 et
790 3401 951 3460 Columbae
974 3399 1172 3460 Luxoviensis
1195 3394 1332 3461 monachi

207 3490 299 3548 variis
330 3489 462 3567 corporis
493 3497 523 3549 et
554 3490 668 3568 ingenii
697 3490 851 3550 laboribus
882 3510 1003 3569 operam
1031 3488 1171 3547 dederint
1198 3487 1247 3564 (cf.
1269 3505 1331 3562 reg.

210 3577 345 3636 Columb.
369 3600 392 3638 c.
419 3579 468 3636 10.
492 3578 572 3639 Bibl.
596 3601 664 3638 max
686 3579 763 3652 XII,
787 3603 816 3659 p.
841 3580 891 3656 5),
907 3615 949 3625 --
972 3579 1198 3650 laboraverunt,
1225 3596 1262 3634 ne
1285 3593 1331 3635 so·

210 3666 310 3724 cordia
334 3687 368 3725 ao
391 3666 503 3726 desidia
526 3676 749 3742 marcescerent,
773 3690 831 3727 non
854 3689 926 3728 vero
950 3688 985 3729 eo
1008 3667 1139 3740 consilio,
1162 3673 1197 3725 ut
1220 3661 1333 3741 aliquid

210 3755 281 3813 boni
303 3756 493 3833 perficerent,
527 3790 565 3801 -
597 3780 666 3817 nam
695 3758 738 3816 nil
761 3759 944 3834 quaerebant
972 3758 1003 3815 in
1026 3757 1081 3815 hoc
1104 3755 1222 3814 mundo.
1269 3750 1334 3811 Alii

210 3851 298 3903 erant
324 3844 347 3902 ii
370 3842 527 3904 Scotorum
554 3847 703 3919 monachi,
735 3847 787 3923 qui
814 3848 908 3906 vitam
935 3851 1057 3923 agentes
1083 3846 1115 3902 in
1148 3841 1334 3903 monasteriis

210 3932 307 3991 medio
331 3933 362 3992 in
382 3933 493 4011 populo
511 3935 681 3995 constitutis
696 3936 861 3994 animarum
877 3955 977 3995 curam
992 3935 1137 4011 gerebant
1159 3932 1191 3989 in
1214 3931 1335 4009 regione

211 4041 265 4080 sua
288 4021 336 4095 (cf.
357 4041 447 4098 supra
469 4043 498 4099 p.
517 4021 580 4100 67),
605 4024 715 4083 sedda
739 4024 799 4083 illis
821 4045 899 4083 nunc
922 4044 981 4082 non
1004 4023 1113 4100 agitur,
1137 4041 1205 4079 nam
1228 4022 1259 4094 ii,
1283 4018 1335 4098 qui

211 4109 243 4168 in
267 4108 396 4168 Galliam
417 4117 448 4169 et
464 4109 655 4171 Germaniam
678 4119 832 4187 venerunt,
856 4112 966 4172 diversi
989 4117 1076 4170 erant
1099 4112 1137 4169 ab
1160 4111 1228 4184 illis,
1251 4129 1334 4188 pere·

211 4199 361 4276 grinaturi
392 4199 495 4258 eodem
525 4206 660 4278 tempore
690 4203 727 4260 de
754 4202 852 4279 patria
876 4201 1073 4260 discesserant
1097 4207 1127 4259 et
1150 4197 1186 4258 de
1209 4201 1335 4268 theatro,

213 4289 291 4365 quod
315 4295 423 4348 natura
445 4289 608 4350 virtutibus
636 4311 737 4349 eorum
765 4291 867 4350 datum
895 4296 975 4362 erat;
1010 4289 1138 4349 solitarii
1165 4288 1257 4349 vitam
1286 4287 1335 4346 de·
