3024 4920
578 219 799 278 ..63-

129 407 262 480 potestas
285 423 376 480 penes
400 402 526 478 synodos
549 401 638 460 fuisse
659 400 797 460 videatur
819 399 870 475 (ib.
889 399 916 473 3,
934 399 984 473 85,
1000 420 1029 476 p.
1048 399 1134 475 228).
1165 397 1248 458 Haec

130 498 216 551 tanta
238 492 401 550 auctoritas
425 497 505 549 certo
530 490 688 566 singularis
719 496 795 561 erat,
826 509 880 547 1166
911 494 1010 547 tamen
1041 488 1175 547 miranda
1204 495 1249 547 est

130 581 175 653 iis,
199 580 251 658 qui
274 582 312 640 ab
336 580 387 638 illo
411 581 475 658 11166
499 579 678 638 monasterio
694 577 813 636 Hiiensi
837 598 937 637 omues
961 578 1026 636 illas
1049 578 1193 655 regiones,
1217 578 1248 635 in

131 670 238 746 quibus
253 670 453 747 principatum
466 670 596 741 tenebat,
613 689 696 727 sacra
709 667 870 726 christiana
882 667 1044 744 suscepisse
1061 667 1091 724 in
1108 666 1248 724 memoria

130 759 332 818 custodierint.

218 845 357 906 Alterum
374 847 455 920 illud,
481 848 560 924 quod
575 847 640 926 ipsa
656 846 752 904 insula
764 845 787 904 J
788 866 844 902 ona
860 845 969 903 habere
985 845 1099 903 solebat
1114 863 1249 926 semper

131 937 268 995 abbatem
293 939 516 1014 presbyterum,
547 944 577 994 et
609 936 706 1013 ipsum
737 935 885 1011 singulare
909 933 998 992 fuisse
1023 933 1158 1009 equidem
1180 955 1247 1012 per·

130 1046 248 1084 suasum
273 1026 346 1084 mibi
369 1025 472 1098 habeo,
496 1026 553 1084 etsi
576 1044 635 1084 non
658 1045 734 1101 nego
757 1045 803 1082 me
827 1023 950 1096 nescire,
974 1044 1012 1081 an
1036 1022 1108 1080 alibi
1132 1043 1248 1099 quoque

129 1135 378 1195 noarsunquam
409 1116 532 1173 abbates
567 1114 735 1193 presbyteri
770 1113 813 1170 ita
848 1112 1031 1188 praefuerint
1061 1112 1248 1170 monasteriis

131 1204 327 1281 episcopalem
352 1225 452 1262 curam
484 1204 515 1261 in
547 1224 600 1262 sua
631 1202 752 1279 regione
783 1202 968 1278 gerentibus,
1000 1207 1033 1260 ut
1064 1200 1122 1277 ipsi
1153 1221 1249 1278 neque

131 1293 291 1371 episcopali
321 1293 468 1370 dignitate
499 1293 634 1351 exornati
664 1291 776 1350 fuerint
807 1312 902 1368 neque
938 1290 1098 1369 episcopali
1129 1310 1249 1349 munere

130 1382 225 1440 functi
248 1382 334 1440 61111.1
379 1381 526 1440 Attamen
549 1402 624 1459 nego
648 1381 737 1440 1111666
768 1380 827 1438 alia
850 1380 954 1438 similis
977 1379 1166 1439 auctoritatis
1189 1399 1249 1436 mo·

129 1471 270 1543 nasteria,
294 1470 401 1548 quibus
424 1490 560 1552 semper
590 1472 713 1530 abbates
744 1469 911 1547 presbyteri
934 1476 1114 1545 praeessent.
1160 1468 1249 1526 Certe

131 1559 215 1618 Beda
235 1560 303 1618 111116
324 1566 443 1619 nostrae
459 1560 623 1619 sententiae
638 1559 722 1618 favit.
753 1558 829 1617 Nam
846 1579 910 1616 cum
931 1558 1021 1616 moris
1036 1558 1114 1616 illius
1131 1578 1249 1616 causam

132 1649 237 1708 afferat
260 1651 426 1726 exemplum
450 1649 539 1727 primi
564 1649 692 1708 doctoris
716 1648 795 1705 illius
812 1646 1007 1723 (Columbae),
1032 1648 1082 1723 qui
1099 1667 1158 1704 non
1174 1646 1250 1723 epis·

132 1758 221 1815 copus
237 1740 288 1798 sed
304 1740 495 1816 presbyterus
511 1737 660 1797 exstiterit
676 1742 706 1795 61
721 1738 889 1808 monachus,
907 1743 1033 1814 apparet
1048 1757 1114 1794 eum
1130 1742 1249 1813 putasse

131 1828 255 1885 eundem
278 1847 389 1884 morem
412 1847 471 1885 non
494 1827 622 1887 inveniri
637 1827 668 1884 in
692 1826 728 1884 iis
744 1826 907 1884 Hiberniae
924 1825 1101 1902 regionibus,
1120 1845 1195 1901 quae
1211 1825 1249 1881 ab

132 1915 300 1974 Hiiensium
312 1915 441 1973 dominio
454 1916 565 1974 liberae
582 1922 675 1974 erant.
704 1915 790 1989 Quod
806 1915 831 1973 si
842 1915 885 1973 ita
902 1921 953 1988 661,
970 1914 1058 1972 aliam
1074 1920 1164 1990 atque
1177 1933 1249 1984 eam,

133 2024 221 2081 quam
244 2003 327 2072 Beda
343 2005 465 2081 profert,
489 2005 581 2064 moris
595 2005 674 2062 illius
691 2024 808 2062 causam
825 2023 966 2079 quaerere
986 2002 1106 2060 minime
1123 2007 1250 2080 oportet.

222 2091 344 2150 Summa
358 2093 452 2169 igitur
467 2099 586 2151 nostrae
602 2094 638 2150 de
654 2092 787 2151 Hiiensis
802 2092 975 2150 monasterii
991 2092 1169 2149 auctoritate
1186 2111 1249 2149 6611-

132 2181 244 2240 tentiae
260 2182 332 2239 haec
348 2188 405 2240 est:
422 2181 613 2260 Principatus
628 2183 686 2255 ille,
704 2202 791 2258 quem
806 2181 1017 2240 monasterium
1029 2181 1153 2238 Hiiense
1168 2187 1249 2238 tene·

132 2271 193 2343 bat,
206 2271 343 2348 primitus
356 2271 522 2329 simillimus
535 2278 599 2330 erat
612 2273 647 2344 ei,
660 2292 747 2346 quem
760 2271 853 2329 multa
865 2271 895 2327 in
909 2270 1056 2328 Hibernia
1073 2269 1250 2328 monasteria

134 2360 320 2431 obtinebant,
345 2361 396 2418 sed
411 2367 515 2438 postea
539 2382 603 2419 cum
629 2361 699 2437 quia
721 2367 785 2419 tota
801 2381 873 2437 gens
889 2359 1043 2418 Pictorum
1060 2360 1102 2436 [et
1116 2359 1250 2419 Norden·

133 2448 336 2526 hymbrorum]
361 2450 398 2507 ab
421 2450 494 2526 ipsis
509 2451 684 2509 Hiiensibus
700 2451 731 2507 in
748 2450 921 2508 societatem
937 2449 1075 2506 ecclesiae
1100 2453 1251 2524 assumpta

134 2544 187 2609 est,
206 2544 269 2596 tum
288 2536 358 2612 quia
372 2559 471 2597 61111166
484 2538 645 2597 Columbae
663 2559 842 2597 successores
861 2537 1015 2614 deprecari
1027 2537 1162 2596 solebant
1174 2537 1250 2613 epis·

134 2628 265 2704 copalem
289 2626 474 2703 dignitatem,
500 2649 557 2705 qua
574 2628 727 2701 Columba,
752 2628 863 2706 quippe
879 2626 926 2684 cui
941 2625 1028 2684 initio
1052 2646 1087 2684 ea
1103 2647 1176 2703 opus
1192 2645 1251 2683 non

134 2721 218 2789 esset,
235 2722 379 2790 caruerat,
396 2717 466 2776 talis
478 2724 523 2777 661
534 2719 639 2790 factus,
652 2723 687 2774 ut
698 2724 816 2775 tantum
832 2716 877 2775 sui
889 2715 991 2774 similis
1003 2714 1094 2772 fuisse
1106 2715 1251 2774 videatur.

224 2804 304 2864 Satis
331 2805 403 2864 haec
434 2807 515 2866 dicta
538 2813 649 2880 6666111,
681 2805 739 2864 nisi
762 2805 877 2880 reliqua
901 2811 978 2863 esset
1001 2823 1059 2860 una
1083 2805 1119 2861 de
1142 2803 1197 2861 hac
1220 2823 1252 2860 re

135 2895 278 2969 quaestio.
323 2895 400 2954 Nam
425 2916 490 2953 cum
514 2916 609 2972 neque
634 2895 714 2972 apud
738 2893 843 2952 Scotos
865 2891 1054 2970 privilegium
1078 2913 1138 2950 non
1161 2891 1252 2949 fuerit

135 2983 339 3060 episcoporum
367 3004 537 3042 consecrare
560 2984 750 3060 presbyteros
774 2987 863 3057 atque
888 2981 1049 3059 episcopos,
1073 3000 1162 3059 porro
1186 3000 1252 3038 cum

135 3075 251 3130 constet
281 3077 360 3129 certe
391 3092 612 3148 nonnumquam
644 3092 694 3130 eos
726 3071 894 3148 episcopos,
926 3070 977 3146 qui
1008 3070 1112 3129 abbati
1134 3069 1252 3128 Hiiensi

135 3159 262 3234 subjecti
286 3164 379 3233 erant,
404 3168 589 3221 consecratos
613 3183 674 3221 6666
698 3161 729 3218 in
752 3161 817 3237 ipsa
840 3160 936 3219 insula
951 3160 1031 3219 Jona
1055 3159 1152 3234 (Beda
1174 3159 1202 3219 h.
1227 3179 1251 3219 e.

135 3251 163 3321 3,
189 3250 217 3321 3,
241 3249 347 3327 3164,
373 3251 407 3308 61.
433 3251 460 3323 3,
489 3252 538 3323 17,
562 3251 579 3328 ξ
599 3251 682 3327 196),
706 3249 824 3308 exsistit
849 3249 991 3325 quaestio,
1015 3270 1033 3306 a
1056 3268 1184 3324 quonam
1208 3248 1253 3304 illi

134 3339 193 3397 sint
225 3339 396 3400 consecrati.
443 3340 526 3413 Quae
559 3339 709 3416 quaestio,
746 3359 811 3396 cum
843 3338 906 3415 11166
938 3338 1030 3395 abbas
1060 3337 1252 3413 presbyteras

123 3422 213 3485 ‘haud
235 3428 325 3486 dubie
349 3428 501 3506 episcopos
517 3448 576 3486 non
592 3426 809 3488 consecraverit
824 3427 959 3503 neglecto
980 3426 1090 3483 honore
1115 3424 1252 3502 episcopo

135 3516 236 3574 debito
253 3519 300 3592 (61.
316 3537 406 3594 supra
421 3539 450 3596 p.
468 3517 531 3593 58),
555 3517 633 3575 redit
648 3517 686 3576 ad
702 3517 792 3588 illam,
816 3536 887 3573 num
901 3514 932 3572 in
958 3514 1081 3573 eeclesia
1097 3513 1253 3572 Scotorum

135 3603 246 3662 luerint
268 3605 399 3682 episcopi
415 3607 502 3666 certis
519 3607 695 3683 quibusdam
711 3605 831 3664 sedibus
846 3626 905 3663 non
929 3604 1060 3681 ascripti,
1082 3604 1133 3662 sed
1148 3604 1253 3661 nihilo·

135 3692 231 3750 minus
255 3693 414 3771 episcopali
438 3696 585 3773 dignitate
609 3696 751 3754 exornati.
797 3694 931 3753 Dubium
955 3693 1032 3750 enim
1056 3699 1112 3765 est,
1143 3698 1253 3764 utrum,

135 3782 160 3839 si
192 3801 266 3857 quae
297 3782 328 3839 in
358 3784 537 3843 monasterio
561 3785 680 3843 Hiiensi
711 3783 945 3843 administranda
975 3788 1061 3840 erant
1089 3780 1254 3839 ministeria

135 3870 328 3948 episcopalia,
360 3873 447 3930 acciti
477 3874 550 3946 sint,
582 3875 661 3950 quod
694 3872 821 3931 Skenius
851 3877 940 3948 putat
963 3871 1023 3947 (H,
1047 3891 1075 3947 p.
1103 3869 1163 3927 163
1188 3872 1253 3946 sq),

136 3960 291 4038 episcopus
315 3959 564 4037 Oingaradhensis
588 3965 634 4021 vel
658 3963 694 4021 de
717 3962 865 4019 Hibernia
896 3960 1032 4035 quidam,
1061 3979 1099 4016 an
1129 3959 1161 4016 iu
1188 3959 1254 4036 ipsa

135 4049 232 4108 insula
254 4048 335 4107 Jona
366 4051 444 4109 inter
473 4052 632 4109 monachos
662 4051 753 4110 suerit
784 4070 860 4108 unus
890 4051 938 4109 vel
968 4049 1069 4126 plures
1092 4047 1254 4126 episcopali

135 4139 282 4216 dignitate
306 4140 413 4200 ornati.

208 4335 219 4363 ¹
238 4332 282 4386 De
302 4333 355 4385 hac
374 4347 404 4383 16
425 4329 481 4384 vid.
502 4330 621 4398 11111611.
642 4332 685 4385 64.
